@ARTICLE{2011A&A...527A.106S,
   author = {{Smirnov}, O.~M.},
    title = "{Revisiting the radio interferometer measurement equation. I. A full-sky Jones formalism}",
  journal = {\aap},
archivePrefix = "arXiv",
   eprint = {1101.1764},
 primaryClass = "astro-ph.IM",
 keywords = {methods: numerical, methods: analytical, methods: data analysis, techniques: interferometric, techniques: polarimetric},
     year = 2011,
    month = mar,
   volume = 527,
      eid = {A106},
    pages = {A106},
      doi = {10.1051/0004-6361/201016082},
   adsurl = {http://adsabs.harvard.edu/abs/2011A%26A...527A.106S},
  adsnote = {Provided by the SAO/NASA Astrophysics Data System}
}

@ARTICLE{2011A&A...527A.107S,
   author = {{Smirnov}, O.~M.},
    title = "{Revisiting the radio interferometer measurement equation. II. Calibration and direction-dependent effects}",
  journal = {\aap},
archivePrefix = "arXiv",
   eprint = {1101.1765},
 primaryClass = "astro-ph.IM",
 keywords = {methods: analytical, methods: numerical, methods: data analysis, techniques: polarimetric, techniques: interferometric},
     year = 2011,
    month = mar,
   volume = 527,
      eid = {A107},
    pages = {A107},
      doi = {10.1051/0004-6361/201116434},
   adsurl = {http://adsabs.harvard.edu/abs/2011A%26A...527A.107S},
  adsnote = {Provided by the SAO/NASA Astrophysics Data System}
}


@ARTICLE{2011A&A...527A.108S,
   author = {{Smirnov}, O.~M.},
    title = "{Revisiting the radio interferometer measurement equation. III. Addressing direction-dependent effects in 21 cm WSRT observations of 3C 147}",
  journal = {\aap},
archivePrefix = "arXiv",
   eprint = {1101.1768},
 primaryClass = "astro-ph.IM",
 keywords = {methods: analytical, methods: data analysis, methods: numerical, techniques: interferometric, techniques: polarimetric},
     year = 2011,
    month = mar,
   volume = 527,
      eid = {A108},
    pages = {A108},
      doi = {10.1051/0004-6361/201116435},
   adsurl = {http://adsabs.harvard.edu/abs/2011A%26A...527A.108S},
  adsnote = {Provided by the SAO/NASA Astrophysics Data System}
}

@ARTICLE{2011A&A...531A.159S,
   author = {{Smirnov}, O.~M.},
    title = "{Revisiting the radio interferometer measurement equation. IV. A generalized tensor formalism}",
  journal = {\aap},
archivePrefix = "arXiv",
   eprint = {1106.0579},
 primaryClass = "astro-ph.IM",
 keywords = {methods: analytical, methods: data analysis, methods: numerical, techniques: interferometric, techniques: polarimetric},
     year = 2011,
    month = jul,
   volume = 531,
      eid = {A159},
    pages = {A159},
      doi = {10.1051/0004-6361/201116764},
   adsurl = {http://adsabs.harvard.edu/abs/2011A%26A...531A.159S},
  adsnote = {Provided by the SAO/NASA Astrophysics Data System}
}

@BOOK{2001isra.book.....T,
   author = {{Thompson}, A.~R. and {Moran}, J.~M. and {Swenson}, Jr., G.~W.
	},
    title = "{Interferometry and Synthesis in Radio Astronomy, 2nd Edition}",
booktitle = {''Interferometry and synthesis in radio astronomy by A.~Richard Thompson, James M.~Moran, and George W.~Swenson, Jr.~2nd ed.~ New York : Wiley, c2001.xxiii, 692 p.~: ill.~; 25 cm.~''A Wiley-Interscience publication.''  Includes bibliographical references and indexes.~ISBN :  0471254924''},
     year = 2001,
   adsurl = {http://adsabs.harvard.edu/abs/2001isra.book.....T},
  adsnote = {Provided by the SAO/NASA Astrophysics Data System}
}

@ARTICLE{1934Phy.....1..201V,
   author = {{van Cittert}, P.~H.},
    title = "{Die Wahrscheinliche Schwingungsverteilung in Einer von Einer Lichtquelle Direkt Oder Mittels Einer Linse Beleuchteten Ebene}",
  journal = {Physica},
     year = 1934,
   volume = 1,
    pages = {201-210},
      doi = {10.1016/S0031-8914(34)90026-4},
   adsurl = {http://adsabs.harvard.edu/abs/1934Phy.....1..201V},
  adsnote = {Provided by the SAO/NASA Astrophysics Data System}
}

@ARTICLE{1962Natur.194..517R,
   author = {{Ryle}, M.},
    title = "{The New Cambridge Radio Telescope}",
  journal = {\nat},
     year = 1962,
    month = may,
   volume = 194,
    pages = {517-518},
      doi = {10.1038/194517a0},
   adsurl = {http://adsabs.harvard.edu/abs/1962Natur.194..517R},
  adsnote = {Provided by the SAO/NASA Astrophysics Data System}
}

@ARTICLE{supersynthesis,
  author = {{Joardar}, S. and {Bhattacharyya}, S. and {Bhattacharya}, A.B. and Datta, C.R.},
   title = "{RADIO ASTRONOMY AND SUPER-SYNTHESIS: A SURVEY}",
 journal = {Progress In Electromagnetics Research B},
    year = 2010,
  volume = 22,
   pages = {73â€“102},
     url = {http://www.jpier.org/PIERB/pierb22/05.10032105.pdf}
}


@INPROCEEDINGS{1957IAUS....4..159J,
   author = {{Jennison}, R.~C.},
    title = "{Intensity distribution across the Cygnus and Cassiopeia sources}",
booktitle = {Radio astronomy},
     year = 1957,
   series = {IAU Symposium},
   volume = 4,
   editor = {{van de Hulst}, H.~C.},
    pages = {159},
   adsurl = {http://adsabs.harvard.edu/abs/1957IAUS....4..159J},
  adsnote = {Provided by the SAO/NASA Astrophysics Data System}
}

@ARTICLE{1958MNRAS.118..276J,
   author = {{Jennison}, R.~C.},
    title = "{A phase sensitive interferometer technique for the measurement of the Fourier transforms of spatial brightness distributions of small angular extent}",
  journal = {\mnras},
     year = 1958,
   volume = 118,
    pages = {276},
      doi = {10.1093/mnras/118.3.276},
   adsurl = {http://adsabs.harvard.edu/abs/1958MNRAS.118..276J},
  adsnote = {Provided by the SAO/NASA Astrophysics Data System}
}


@ARTICLE{2010A&A...524A..61N,
   author = {{Noordam}, J.~E. and {Smirnov}, O.~M.},
    title = "{The MeqTrees software system and its use for third-generation calibration of radio interferometers}",
  journal = {\aap},
archivePrefix = "arXiv",
   eprint = {1101.1745},
 primaryClass = "astro-ph.IM",
 keywords = {methods: numerical, methods: data analysis, techniques: interferometric, techniques: polarimetric},
     year = 2010,
    month = dec,
   volume = 524,
      eid = {A61},
    pages = {A61},
      doi = {10.1051/0004-6361/201015013},
   adsurl = {http://adsabs.harvard.edu/abs/2010A%26A...524A..61N},
  adsnote = {Provided by the SAO/NASA Astrophysics Data System}
}

@ARTICLE{1984ARA&A..22...97P,
   author = {{Pearson}, T.~J. and {Readhead}, A.~C.~S.},
    title = "{Image Formation by Self-Calibration in Radio Astronomy}",
  journal = {\araa},
     year = 1984,
   volume = 22,
    pages = {97-130},
      doi = {10.1146/annurev.aa.22.090184.000525},
   adsurl = {http://adsabs.harvard.edu/abs/1984ARA%26A..22...97P},
  adsnote = {Provided by the SAO/NASA Astrophysics Data System}
}

@ARTICLE{1983Sci...219...51R,
   author = {{Rogers}, A.~E.~E. and {Cappallo}, R.~J. and {Hinteregger}, H.~F. and 
	{Levine}, J.~I. and {Nesman}, E.~F. and {Webber}, J.~C. and 
	{Whitney}, A.~R. and {Clark}, T.~A. and {Ma}, C. and {Ryan}, J. and 
	{Corey}, B.~E. and {Counselman}, C.~C. and {Herring}, T.~A. and 
	{Shapiro}, I.~I. and {Knight}, C.~A. and {Shaffer}, D.~B. and 
	{Vandenberg}, N.~R. and {Lacasse}, R. and {Mauzy}, R. and {Rayhrer}, B. and 
	{Schupler}, B.~R. and {Pigg}, J.~C.},
    title = "{Very-long-baseline radio interferometry - The Mark III system for geodesy, astrometry, and aperture synthesis}",
  journal = {Science},
 keywords = {Astrometry, Geodesy, Radio Interferometers, Synthetic Apertures, Very Long Base Interferometry, Central Processing Units, Extragalactic Radio Sources, Signal Processing},
     year = 1983,
    month = jan,
   volume = 219,
    pages = {51-54},
      doi = {10.1126/science.219.4580.51},
   adsurl = {http://adsabs.harvard.edu/abs/1983Sci...219...51R},
  adsnote = {Provided by the SAO/NASA Astrophysics Data System}
}


@ARTICLE{1974ApJ...193..293R,
   author = {{Rogers}, A.~E.~E. and {Hinteregger}, H.~F. and {Whitney}, A.~R. and 
	{Counselman}, C.~C. and {Shapiro}, I.~I. and {Wittels}, J.~J. and 
	{Klemperer}, W.~K. and {Warnock}, W.~W. and {Clark}, T.~A. and 
	{Hutton}, L.~K.},
    title = "{The structure of radio sources 3C 273B and 3C 84 deduced from the 'closure' phases and visibility amplitudes observed with three-element interferometers}",
  journal = {\apj},
 keywords = {Brightness, Extragalactic Radio Sources, Interferometry, Microwave Interferometers, Quasars, Radio Astronomy, Data Reduction, Fourier Series, Phase Shift, Radiant Flux Density, Seyfert Galaxies, Spatial Distribution, Visibility},
     year = 1974,
    month = oct,
   volume = 193,
    pages = {293-301},
      doi = {10.1086/153162},
   adsurl = {http://adsabs.harvard.edu/abs/1974ApJ...193..293R},
  adsnote = {Provided by the SAO/NASA Astrophysics Data System}
}

@BOOK{serendipitous,
   author = {{Kellerman}, K and Sheets, B},
    title = "{Serendipitous discoveries in radio astronomy : proceedings of a workshop held at the National Radio Astronomy Observatory, Green Bank, West Virginia on May 4, 5, 6 1983}",
booktitle = {''Serendipitous discoveries in radio astronomy : proceedings of a workshop held at the National Radio Astronomy Observatory, Green Bank, West Virginia on May 4, 5, 6 1983 / Edited by K. Kellermann and B. Sheets. 	Includes bibliographical references.},
     year = 1984,
      url = {http://library.nrao.edu/public/collection/02000000000280.pdf},
}

Query Results from the ADS Database


Retrieved 1 abstracts, starting with number 1.  Total number selected: 1.

@ARTICLE{2007ApJ...660L...1D,
   author = {{Davis}, M. and {Guhathakurta}, P. and {Konidaris}, N.~P. and 
	{Newman}, J.~A. and {Ashby}, M.~L.~N. and {Biggs}, A.~D. and 
	{Barmby}, P. and {Bundy}, K. and {Chapman}, S.~C. and {Coil}, A.~L. and 
	{Conselice}, C.~J. and {Cooper}, M.~C. and {Croton}, D.~J. and 
	{Eisenhardt}, P.~R.~M. and {Ellis}, R.~S. and {Faber}, S.~M. and 
	{Fang}, T. and {Fazio}, G.~G. and {Georgakakis}, A. and {Gerke}, B.~F. and 
	{Goss}, W.~M. and {Gwyn}, S. and {Harker}, J. and {Hopkins}, A.~M. and 
	{Huang}, J.-S. and {Ivison}, R.~J. and {Kassin}, S.~A. and {Kirby}, E.~N. and 
	{Koekemoer}, A.~M. and {Koo}, D.~C. and {Laird}, E.~S. and {Le Floc'h}, E. and 
	{Lin}, L. and {Lotz}, J.~M. and {Marshall}, P.~J. and {Martin}, D.~C. and 
	{Metevier}, A.~J. and {Moustakas}, L.~A. and {Nandra}, K. and 
	{Noeske}, K.~G. and {Papovich}, C. and {Phillips}, A.~C. and 
	{Rich}, R.~M. and {Rieke}, G.~H. and {Rigopoulou}, D. and {Salim}, S. and 
	{Schiminovich}, D. and {Simard}, L. and {Smail}, I. and {Small}, T.~A. and 
	{Weiner}, B.~J. and {Willmer}, C.~N.~A. and {Willner}, S.~P. and 
	{Wilson}, G. and {Wright}, E.~L. and {Yan}, R.},
    title = "{The All-Wavelength Extended Groth Strip International Survey (AEGIS) Data Sets}",
  journal = {\apjl},
   eprint = {astro-ph/0607355},
 keywords = {Galaxies: Photometry, Infrared: Galaxies, Radio Continuum: Galaxies, Surveys, Ultraviolet: Galaxies, X-Rays: Galaxies},
     year = 2007,
    month = may,
   volume = 660,
    pages = {L1-L6},
      doi = {10.1086/517931},
   adsurl = {http://adsabs.harvard.edu/abs/2007ApJ...660L...1D},
  adsnote = {Provided by the SAO/NASA Astrophysics Data System}
}


Query Results from the ADS Database


Retrieved 1 abstracts, starting with number 1.  Total number selected: 1.

@ARTICLE{2011ApJS..197...35G,
   author = {{Grogin}, N.~A. and {Kocevski}, D.~D. and {Faber}, S.~M. and 
	{Ferguson}, H.~C. and {Koekemoer}, A.~M. and {Riess}, A.~G. and 
	{Acquaviva}, V. and {Alexander}, D.~M. and {Almaini}, O. and 
	{Ashby}, M.~L.~N. and {Barden}, M. and {Bell}, E.~F. and {Bournaud}, F. and 
	{Brown}, T.~M. and {Caputi}, K.~I. and {Casertano}, S. and {Cassata}, P. and 
	{Castellano}, M. and {Challis}, P. and {Chary}, R.-R. and {Cheung}, E. and 
	{Cirasuolo}, M. and {Conselice}, C.~J. and {Roshan Cooray}, A. and 
	{Croton}, D.~J. and {Daddi}, E. and {Dahlen}, T. and {Dav{\'e}}, R. and 
	{de Mello}, D.~F. and {Dekel}, A. and {Dickinson}, M. and {Dolch}, T. and 
	{Donley}, J.~L. and {Dunlop}, J.~S. and {Dutton}, A.~A. and 
	{Elbaz}, D. and {Fazio}, G.~G. and {Filippenko}, A.~V. and {Finkelstein}, S.~L. and 
	{Fontana}, A. and {Gardner}, J.~P. and {Garnavich}, P.~M. and 
	{Gawiser}, E. and {Giavalisco}, M. and {Grazian}, A. and {Guo}, Y. and 
	{Hathi}, N.~P. and {H{\"a}ussler}, B. and {Hopkins}, P.~F. and 
	{Huang}, J.-S. and {Huang}, K.-H. and {Jha}, S.~W. and {Kartaltepe}, J.~S. and 
	{Kirshner}, R.~P. and {Koo}, D.~C. and {Lai}, K. and {Lee}, K.-S. and 
	{Li}, W. and {Lotz}, J.~M. and {Lucas}, R.~A. and {Madau}, P. and 
	{McCarthy}, P.~J. and {McGrath}, E.~J. and {McIntosh}, D.~H. and 
	{McLure}, R.~J. and {Mobasher}, B. and {Moustakas}, L.~A. and 
	{Mozena}, M. and {Nandra}, K. and {Newman}, J.~A. and {Niemi}, S.-M. and 
	{Noeske}, K.~G. and {Papovich}, C.~J. and {Pentericci}, L. and 
	{Pope}, A. and {Primack}, J.~R. and {Rajan}, A. and {Ravindranath}, S. and 
	{Reddy}, N.~A. and {Renzini}, A. and {Rix}, H.-W. and {Robaina}, A.~R. and 
	{Rodney}, S.~A. and {Rosario}, D.~J. and {Rosati}, P. and {Salimbeni}, S. and 
	{Scarlata}, C. and {Siana}, B. and {Simard}, L. and {Smidt}, J. and 
	{Somerville}, R.~S. and {Spinrad}, H. and {Straughn}, A.~N. and 
	{Strolger}, L.-G. and {Telford}, O. and {Teplitz}, H.~I. and 
	{Trump}, J.~R. and {van der Wel}, A. and {Villforth}, C. and 
	{Wechsler}, R.~H. and {Weiner}, B.~J. and {Wiklind}, T. and 
	{Wild}, V. and {Wilson}, G. and {Wuyts}, S. and {Yan}, H.-J. and 
	{Yun}, M.~S.},
    title = "{CANDELS: The Cosmic Assembly Near-infrared Deep Extragalactic Legacy Survey}",
  journal = {\apjs},
archivePrefix = "arXiv",
   eprint = {1105.3753},
 keywords = {cosmology: observations, galaxies: high-redshift},
     year = 2011,
    month = dec,
   volume = 197,
      eid = {35},
    pages = {35},
      doi = {10.1088/0067-0049/197/2/35},
   adsurl = {http://adsabs.harvard.edu/abs/2011ApJS..197...35G},
  adsnote = {Provided by the SAO/NASA Astrophysics Data System}
}



@INPROCEEDINGS{1999ASPC..191..111J,
   author = {{Jannuzi}, B.~T. and {Dey}, A.},
    title = "{The NOAO Deep Wide-Field Survey}",
booktitle = {Photometric Redshifts and the Detection of High Redshift Galaxies},
     year = 1999,
   series = {Astronomical Society of the Pacific Conference Series},
   volume = 191,
   editor = {{Weymann}, R. and {Storrie-Lombardi}, L. and {Sawicki}, M. and 
	{Brunner}, R.},
    pages = {111},
   adsurl = {http://adsabs.harvard.edu/abs/1999ASPC..191..111J},
  adsnote = {Provided by the SAO/NASA Astrophysics Data System}
}

@ARTICLE{2005ApJS..161....1M,
   author = {{Murray}, S.~S. and {Kenter}, A. and {Forman}, W.~R. and {Jones}, C. and 
	{Green}, P.~J. and {Kochanek}, C.~S. and {Vikhlinin}, A. and 
	{Fabricant}, D. and {Fazio}, G. and {Brand}, K. and {Brown}, M.~J.~I. and 
	{Dey}, A. and {Jannuzi}, B.~T. and {Najita}, J. and {McNamara}, B. and 
	{Shields}, J. and {Rieke}, M.},
    title = "{XBootes: An X-Ray Survey of the NDWFS Bootes Field. I. Overview and Initial Results}",
  journal = {\apjs},
   eprint = {astro-ph/0504084},
 keywords = {Galaxies: Active, Surveys, X-Rays: Galaxies},
     year = 2005,
    month = nov,
   volume = 161,
    pages = {1-8},
      doi = {10.1086/444378},
   adsurl = {http://adsabs.harvard.edu/abs/2005ApJS..161....1M},
  adsnote = {Provided by the SAO/NASA Astrophysics Data System}
}


@TECHREPORT{2012wise.rept....1C,
   author = {{Cutri}, R.~M. and {Wright}, E.~L. and {Conrow}, T. and {Bauer}, J. and 
	{Benford}, D. and {Brandenburg}, H. and {Dailey}, J. and {Eisenhardt}, P.~R.~M. and 
	{Evans}, T. and {Fajardo-Acosta}, S. and {Fowler}, J. and {Gelino}, C. and 
	{Grillmair}, C. and {Harbut}, M. and {Hoffman}, D. and {Jarrett}, T. and 
	{Kirkpatrick}, J.~D. and {Leisawitz}, D. and {Liu}, W. and {Mainzer}, A. and 
	{Marsh}, K. and {Masci}, F. and {McCallon}, H. and {Padgett}, D. and 
	{Ressler}, M.~E. and {Royer}, D. and {Skrutskie}, M.~F. and 
	{Stanford}, S.~A. and {Wyatt}, P.~L. and {Tholen}, D. and {Tsai}, C.~W. and 
	{Wachter}, S. and {Wheelock}, S.~L. and {Yan}, L. and {Alles}, R. and 
	{Beck}, R. and {Grav}, T. and {Masiero}, J. and {McCollum}, B. and 
	{McGehee}, P. and {Papin}, M. and {Wittman}, M.},
    title = "{Explanatory Supplement to the WISE All-Sky Data Release Products}",
 keywords = {Infrared Astronomy, Infrared Sources, Catalogs, Space Observatories, Manuals },
booktitle = {Explanatory Supplement to the WISE All-Sky Data Release Products},
     year = 2012,
    month = mar,
   adsurl = {http://adsabs.harvard.edu/abs/2012wise.rept....1C},
  adsnote = {Provided by the SAO/NASA Astrophysics Data System}
}

@ARTICLE{2002AJ....123.1784D,
   author = {{de Vries}, W.~H. and {Morganti}, R. and {R{\"o}ttgering}, H.~J.~A. and 
	{Vermeulen}, R. and {van Breugel}, W. and {Rengelink}, R. and 
	{Jarvis}, M.~J.},
    title = "{Deep Westerbork 1.4 GHz Imaging of the Bootes Field}",
  journal = {\aj},
   eprint = {astro-ph/0111543},
 keywords = {Catalogs, radio continuum: galaxies, Surveys},
     year = 2002,
    month = mar,
   volume = 123,
    pages = {1784-1800},
      doi = {10.1086/338906},
   adsurl = {http://adsabs.harvard.edu/abs/2002AJ....123.1784D},
  adsnote = {Provided by the SAO/NASA Astrophysics Data System}
}

@ARTICLE{2015MNRAS.450.1477C,
   author = {{Coppejans}, R. and {Cseh}, D. and {Williams}, W.~L. and {van Velzen}, S. and 
	{Falcke}, H.},
    title = "{Megahertz peaked-spectrum sources in the Bo{\"o}tes field I - a route towards finding high-redshift AGN}",
  journal = {\mnras},
 keywords = {techniques: interferometric, catalogues, galaxies: active, galaxies: high-redshift, radio continuum: galaxies},
     year = 2015,
    month = jun,
   volume = 450,
    pages = {1477-1485},
      doi = {10.1093/mnras/stv681},
   adsurl = {http://adsabs.harvard.edu/abs/2015MNRAS.450.1477C},
  adsnote = {Provided by the SAO/NASA Astrophysics Data System}
}

@ARTICLE{2011AnA...535A..38I,
   author = {{Intema}, H.~T. and {van Weeren}, R.~J. and {R{\"o}ttgering}, H.~J.~A. and 
	{Lal}, D.~V.},
    title = "{Deep low-frequency radio observations of the NOAO Bo{\"o}tes field. I. Data reduction and catalog construction}",
  journal = {\aap},
archivePrefix = "arXiv",
   eprint = {1109.5906},
 keywords = {surveys, galaxies: active, radio continuum: galaxies},
     year = 2011,
    month = nov,
   volume = 535,
      eid = {A38},
    pages = {A38},
      doi = {10.1051/0004-6361/201014253},
   adsurl = {http://adsabs.harvard.edu/abs/2011A%26A...535A..38I},
  adsnote = {Provided by the SAO/NASA Astrophysics Data System}
}

@ARTICLE{2014ApJ...793...82V,
   author = {{van Weeren}, R.~J. and {Williams}, W.~L. and {}, C. and 
	{R{\"o}ttgering}, H.~J.~A. and {Rafferty}, D.~A. and {van der Tol}, S. and 
	{Heald}, G. and {White}, G.~J. and {Shulevski}, A. and {Best}, P. and 
	{Intema}, H.~T. and {Bhatnagar}, S. and {Reich}, W. and {Steinmetz}, M. and 
	{van Velzen}, S. and {En{\ss}lin}, T.~A. and {Prandoni}, I. and 
	{de Gasperin}, F. and {Jamrozy}, M. and {Brunetti}, G. and {Jarvis}, M.~J. and 
	{McKean}, J.~P. and {Wise}, M.~W. and {Ferrari}, C. and {Harwood}, J. and 
	{Oonk}, J.~B.~R. and {Hoeft}, M. and {Kunert-Bajraszewska}, M. and 
	{Horellou}, C. and {Wucknitz}, O. and {Bonafede}, A. and {Mohan}, N.~R. and 
	{Scaife}, A.~M.~M. and {Kl{\"o}ckner}, H.-R. and {van Bemmel}, I.~M. and 
	{Merloni}, A. and {Chyzy}, K.~T. and {Engels}, D. and {Falcke}, H. and 
	{Pandey-Pommier}, M. and {Alexov}, A. and {Anderson}, J. and 
	{Avruch}, I.~M. and {Beck}, R. and {Bell}, M.~E. and {Bentum}, M.~J. and 
	{Bernardi}, G. and {Breitling}, F. and {Broderick}, J. and {Brouw}, W.~N. and 
	{Br{\"u}ggen}, M. and {Butcher}, H.~R. and {Ciardi}, B. and 
	{de Geus}, E. and {de Vos}, M. and {Deller}, A. and {Duscha}, S. and 
	{Eisl{\"o}ffel}, J. and {Fallows}, R.~A. and {Frieswijk}, W. and 
	{Garrett}, M.~A. and {Grie{\ss}meier}, J. and {Gunst}, A.~W. and 
	{Hamaker}, J.~P. and {Hassall}, T.~E. and {H{\"o}randel}, J. and 
	{van der Horst}, A. and {Iacobelli}, M. and {Jackson}, N.~J. and 
	{Juette}, E. and {Kondratiev}, V.~I. and {Kuniyoshi}, M. and 
	{Maat}, P. and {Mann}, G. and {McKay-Bukowski}, D. and {Mevius}, M. and 
	{Morganti}, R. and {Munk}, H. and {Offringa}, A.~R. and {Orr{\`u}}, E. and 
	{Paas}, H. and {Pandey}, V.~N. and {Pietka}, G. and {Pizzo}, R. and 
	{Polatidis}, A.~G. and {Renting}, A. and {Rowlinson}, A. and 
	{Schwarz}, D. and {Serylak}, M. and {Sluman}, J. and {Smirnov}, O. and 
	{Stappers}, B.~W. and {Stewart}, A. and {Swinbank}, J. and {Tagger}, M. and 
	{Tang}, Y. and {Thoudam}, S. and {Toribio}, C. and {Vermeulen}, R. and 
	{Vocks}, C. and {Zarka}, P.},
    title = "{LOFAR Low-band Antenna Observations of the 3C 295 and Bo{\"o}tes Fields: Source Counts and Ultra-steep Spectrum Sources}",
  journal = {\apj},
archivePrefix = "arXiv",
   eprint = {1409.5437},
 keywords = {galaxies: active, radio continuum: general, surveys, techniques: interferometric},
     year = 2014,
    month = oct,
   volume = 793,
      eid = {82},
    pages = {82},
      doi = {10.1088/0004-637X/793/2/82},
   adsurl = {http://adsabs.harvard.edu/abs/2014ApJ...793...82V},
  adsnote = {Provided by the SAO/NASA Astrophysics Data System}
}

@ARTICLE{1991AJ....101.1623P,
   author = {{Perley}, R.~A. and {Taylor}, G.~B.},
    title = "{VLA observations of 3C 295 - A young radio galaxy?}",
  journal = {\aj},
 keywords = {Astronomical Spectroscopy, Elliptical Galaxies, Radio Galaxies, Very Large Array (Vla), Faraday Effect, Galactic Evolution, Galactic Rotation, Interstellar Magnetic Fields, Luminosity},
     year = 1991,
    month = may,
   volume = 101,
    pages = {1623-1631},
      doi = {10.1086/115792},
   adsurl = {http://adsabs.harvard.edu/abs/1991AJ....101.1623P},
  adsnote = {Provided by the SAO/NASA Astrophysics Data System}
}

@MISC{2015ascl.soft02007M,
   author = {{Mohan}, N. and {Rafferty}, D.},
    title = "{PyBDSF: Python Blob Detection and Source Finder}",
 keywords = {Software },
howpublished = {Astrophysics Source Code Library},
     year = 2015,
    month = feb,
archivePrefix = "ascl",
   eprint = {1502.007},
   adsurl = {http://adsabs.harvard.edu/abs/2015ascl.soft02007M},
  adsnote = {Provided by the SAO/NASA Astrophysics Data System}
}

@ARTICLE{1934Phy.....1..201V,
   author = {{van Cittert}, P.~H.},
    title = "{Die Wahrscheinliche Schwingungsverteilung in Einer von Einer Lichtquelle Direkt Oder Mittels Einer Linse Beleuchteten Ebene}",
  journal = {Physica},
     year = 1934,
   volume = 1,
    pages = {201-210},
      doi = {10.1016/S0031-8914(34)90026-4},
   adsurl = {http://adsabs.harvard.edu/abs/1934Phy.....1..201V},
  adsnote = {Provided by the SAO/NASA Astrophysics Data System}
}

@ARTICLE{2011A&A...527A.106S,
   author = {{Smirnov}, O.~M.},
    title = "{Revisiting the radio interferometer measurement equation. I. A full-sky Jones formalism}",
  journal = {\aap},
archivePrefix = "arXiv",
   eprint = {1101.1764},
 primaryClass = "astro-ph.IM",
 keywords = {methods: numerical, methods: analytical, methods: data analysis, techniques: interferometric, techniques: polarimetric},
     year = 2011,
    month = mar,
   volume = 527,
      eid = {A106},
    pages = {A106},
      doi = {10.1051/0004-6361/201016082},
   adsurl = {http://adsabs.harvard.edu/abs/2011A%26A...527A.106S},
  adsnote = {Provided by the SAO/NASA Astrophysics Data System}
}

@ARTICLE{1984ARA&A..22...97P,
   author = {{Pearson}, T.~J. and {Readhead}, A.~C.~S.},
    title = "{Image Formation by Self-Calibration in Radio Astronomy}",
  journal = {\araa},
     year = 1984,
   volume = 22,
    pages = {97-130},
      doi = {10.1146/annurev.aa.22.090184.000525},
   adsurl = {http://adsabs.harvard.edu/abs/1984ARA%26A..22...97P},
  adsnote = {Provided by the SAO/NASA Astrophysics Data System}
}

@ARTICLE{1996A&AS..117..137H,
   author = {{Hamaker}, J.~P. and {Bregman}, J.~D. and {Sault}, R.~J.},
    title = "{Understanding radio polarimetry. I. Mathematical foundations.}",
  journal = {\aaps},
 keywords = {METHODS: ANALYTICAL, METHODS: DATA ANALYSIS, TECHNIQUES: INTERFEROMETERS, TECHNIQUES: POLARIMETERS},
     year = 1996,
    month = may,
   volume = 117,
    pages = {137-147},
   adsurl = {http://adsabs.harvard.edu/abs/1996A%26AS..117..137H},
  adsnote = {Provided by the SAO/NASA Astrophysics Data System}
}

@ARTICLE{2014arXiv1410.8706T,
   author = {{Tasse}, C.},
    title = "{Applying Wirtinger derivatives to the radio interferometry calibration problem}",
  journal = {ArXiv e-prints},
archivePrefix = "arXiv",
   eprint = {1410.8706},
 primaryClass = "astro-ph.IM",
 keywords = {Astrophysics - Instrumentation and Methods for Astrophysics},
     year = 2014,
    month = oct,
   adsurl = {http://adsabs.harvard.edu/abs/2014arXiv1410.8706T},
  adsnote = {Provided by the SAO/NASA Astrophysics Data System}
}

@book{cholesky,
  author    = {Graham Upton and Ian Cook}, 
  title     = {A Dictionary of Statistics (2 rev. ed.)},
  publisher = {Oxford University Press},
  year      = 2008,
  isbn      = {9780199541454}
}

@ARTICLE{1978JOSA...68.1651F,
   author = {{Fried}, D.~L.},
    title = "{Probability of getting a lucky short-exposure image through turbulence}",
  journal = {Journal of the Optical Society of America (1917-1983)},
 keywords = {Atmospheric Turbulence, Imaging Techniques, Probability Theory, Turbulence Effects, Wave Front Deformation, Apertures, Atmospheric Optics, Error Analysis, Exposure, Performance Prediction},
     year = 1978,
    month = dec,
   volume = 68,
    pages = {1651-1658},
   adsurl = {http://adsabs.harvard.edu/abs/1978JOSA...68.1651F},
  adsnote = {Provided by the SAO/NASA Astrophysics Data System}
}

@ARTICLE{supersynthesis,
  author = {{Joardar}, S. and {Bhattacharyya}, S. and {Bhattacharya}, A.B. and Datta, C.R.},
   title = "{RADIO ASTRONOMY AND SUPER-SYNTHESIS: A SURVEY}",
 journal = {Progress In Electromagnetics Research B},
    year = 2010,
  volume = 22,
   pages = {73â€“102},
     url = {http://www.jpier.org/PIERB/pierb22/05.10032105.pdf}
}


@ARTICLE{2014MNRAS.444..790Y,
   author = {{Yatawatta}, S.},
    title = "{Adaptive weighting in radio interferometric imaging}",
  journal = {\mnras},
archivePrefix = "arXiv",
   eprint = {1407.6282},
 primaryClass = "astro-ph.IM",
 keywords = {instrumentation: interferometers, methods: numerical, techniques: interferometric},
     year = 2014,
    month = oct,
   volume = 444,
    pages = {790-796},
      doi = {10.1093/mnras/stu1494},
   adsurl = {http://adsabs.harvard.edu/abs/2014MNRAS.444..790Y},
  adsnote = {Provided by the SAO/NASA Astrophysics Data System}
}

@ARTICLE{2016arXiv160104113H,
   author = {{Hollitt}, C. and {Johnston-Hollitt}, M. and {Dehghan}, S. and 
	{Frean}, M. and {Bulter-Yeoman}, T.},
    title = "{An Overview of the SKA Science Analysis Pipeline}",
  journal = {ArXiv e-prints},
archivePrefix = "arXiv",
   eprint = {1601.04113},
 primaryClass = "astro-ph.IM",
 keywords = {Astrophysics - Instrumentation and Methods for Astrophysics},
     year = 2016,
    month = jan,
   adsurl = {http://adsabs.harvard.edu/abs/2016arXiv160104113H},
  adsnote = {Provided by the SAO/NASA Astrophysics Data System}
}

@INPROCEEDINGS{1995AAS...18711202B,
   author = {{Briggs}, D.~S.},
    title = "{High Fidelity Interferometric Imaging: Robust Weighting and NNLS Deconvolution}",
booktitle = {American Astronomical Society Meeting Abstracts},
     year = 1995,
   series = {Bulletin of the American Astronomical Society},
   volume = 27,
    month = dec,
      eid = {112.02},
    pages = {1444},
   adsurl = {http://adsabs.harvard.edu/abs/1995AAS...18711202B},
  adsnote = {Provided by the SAO/NASA Astrophysics Data System}
}

@ARTICLE{2015MNRAS.449.2668S,
   author = {{Smirnov}, O.~M. and {Tasse}, C.},
    title = "{Radio interferometric gain calibration as a complex optimization problem}",
  journal = {\mnras},
archivePrefix = "arXiv",
   eprint = {1502.06974},
 primaryClass = "astro-ph.IM",
 keywords = {instrumentation: interferometers, methods: analytical, methods: numerical, techniques: interferometric},
     year = 2015,
    month = may,
   volume = 449,
    pages = {2668-2684},
      doi = {10.1093/mnras/stv418},
   adsurl = {http://adsabs.harvard.edu/abs/2015MNRAS.449.2668S},
  adsnote = {Provided by the SAO/NASA Astrophysics Data System}
}

@ARTICLE{2014MNRAS.439.4030G,
   author = {{Grobler}, T.~L. and {Nunhokee}, C.~D. and {Smirnov}, O.~M. and 
	{van Zyl}, A.~J. and {de Bruyn}, A.~G.},
    title = "{Calibration artefacts in radio interferometry - I. Ghost sources in Westerbork Synthesis Radio Telescope data}",
  journal = {\mnras},
archivePrefix = "arXiv",
   eprint = {1402.1373},
 primaryClass = "astro-ph.IM",
 keywords = {instrumentation: interferometers, methods: analytical, methods: numerical, techniques: interferometric},
     year = 2014,
    month = apr,
   volume = 439,
    pages = {4030-4047},
      doi = {10.1093/mnras/stu268},
   adsurl = {http://adsabs.harvard.edu/abs/2014MNRAS.439.4030G},
  adsnote = {Provided by the SAO/NASA Astrophysics Data System}
}


@ARTICLE{2013MNRAS.435..597K,
   author = {{Kazemi}, S. and {Yatawatta}, S.},
    title = "{Robust radio interferometric calibration using the t-distribution}",
  journal = {\mnras},
archivePrefix = "arXiv",
   eprint = {1307.5040},
 primaryClass = "astro-ph.IM",
 keywords = {instrumentation: interferometers, methods: numerical, methods: statistical, techniques: interferometric},
     year = 2013,
    month = oct,
   volume = 435,
    pages = {597-605},
      doi = {10.1093/mnras/stt1347},
   adsurl = {http://adsabs.harvard.edu/abs/2013MNRAS.435..597K},
  adsnote = {Provided by the SAO/NASA Astrophysics Data System}
}

@ARTICLE{2011A&A...532A..71R,
   author = {{Rau}, U. and {Cornwell}, T.~J.},
    title = "{A multi-scale multi-frequency deconvolution algorithm for synthesis imaging in radio interferometry}",
  journal = {\aap},
archivePrefix = "arXiv",
   eprint = {1106.2745},
 primaryClass = "astro-ph.IM",
 keywords = {techniques: interferometric, techniques: image processing, methods: numerical, radio continuum: general},
     year = 2011,
    month = aug,
   volume = 532,
      eid = {A71},
    pages = {A71},
      doi = {10.1051/0004-6361/201117104},
   adsurl = {http://adsabs.harvard.edu/abs/2011A%26A...532A..71R},
  adsnote = {Provided by the SAO/NASA Astrophysics Data System}
}

@ARTICLE{arse,
   author = {{Scaife}, A.~M.~M. and {Heald}, G.~H.},
    title = "{A broad-band flux scale for low-frequency radio telescopes}",
  journal = {\mnras},
archivePrefix = "arXiv",
   eprint = {1203.0977},
 primaryClass = "astro-ph.IM",
 keywords = {methods: observational, methods: statistical},
     year = 2012,
    month = jun,
   volume = 423,
    pages = {L30-L34},
      doi = {10.1111/j.1745-3933.2012.01251.x},
   adsurl = {http://adsabs.harvard.edu/abs/2012MNRAS.423L..30S},
  adsnote = {Provided by the SAO/NASA Astrophysics Data System}
}

@ARTICLE{2017arXiv171202078T,
   author = {{Tasse}, C. and {Hugo}, B. and {Mirmont}, M. and {Smirnov}, O. and 
	{Atemkeng}, M. and {Bester}, L. and {Hardcastle}, M.~J. and 
	{Lakhoo}, R. and {Perkins}, S. and {Shimwell}, T.},
    title = "{Faceting for direction-dependent spectral deconvolution}",
  journal = {ArXiv e-prints},
archivePrefix = "arXiv",
   eprint = {1712.02078},
 primaryClass = "astro-ph.IM",
 keywords = {Astrophysics - Instrumentation and Methods for Astrophysics},
     year = 2017,
    month = dec,
   adsurl = {http://adsabs.harvard.edu/abs/2017arXiv171202078T},
  adsnote = {Provided by the SAO/NASA Astrophysics Data System}
}


@ARTICLE{2015ApJ...801...26H,
   author = {{Helfand}, D.~J. and {White}, R.~L. and {Becker}, R.~H.},
    title = "{The Last of FIRST: The Final Catalog and Source Identifications}",
  journal = {\apj},
archivePrefix = "arXiv",
   eprint = {1501.01555},
 keywords = {catalogs, methods: data analysis, methods: statistical, radio continuum: general, surveys },
     year = 2015,
    month = mar,
   volume = 801,
      eid = {26},
    pages = {26},
      doi = {10.1088/0004-637X/801/1/26},
   adsurl = {http://adsabs.harvard.edu/abs/2015ApJ...801...26H},
  adsnote = {Provided by the SAO/NASA Astrophysics Data System}
}

@ARTICLE{2013arXiv1312.4602H,
   author = {{Hales}, C.~A.},
    title = "{Very Large Array Sky Survey (VLASS) white paper: Go deep, not wide}",
  journal = {ArXiv e-prints},
archivePrefix = "arXiv",
   eprint = {1312.4602},
 primaryClass = "astro-ph.IM",
 keywords = {Astrophysics - Instrumentation and Methods for Astrophysics, Astrophysics - Cosmology and Extragalactic Astrophysics},
     year = 2013,
    month = dec,
   adsurl = {http://adsabs.harvard.edu/abs/2013arXiv1312.4602H},
  adsnote = {Provided by the SAO/NASA Astrophysics Data System}
}

@MISC{2010ascl.soft10017O,
   author = {{Offringa}, A.~R.},
    title = "{AOFlagger: RFI Software}",
 keywords = {Software },
howpublished = {Astrophysics Source Code Library},
     year = 2010,
    month = oct,
archivePrefix = "ascl",
   eprint = {1010.017},
   adsurl = {http://adsabs.harvard.edu/abs/2010ascl.soft10017O},
  adsnote = {Provided by the SAO/NASA Astrophysics Data System}
}


@ARTICLE{2017A&A...598A.104S,
   author = {{Shimwell}, T.~W. and {R{\"o}ttgering}, H.~J.~A. and {Best}, P.~N. and 
	{Williams}, W.~L. and {Dijkema}, T.~J. and {de Gasperin}, F. and 
	{Hardcastle}, M.~J. and {Heald}, G.~H. and {Hoang}, D.~N. and 
	{Horneffer}, A. and {Intema}, H. and {Mahony}, E.~K. and {Mandal}, S. and 
	{Mechev}, A.~P. and {Morabito}, L. and {Oonk}, J.~B.~R. and 
	{Rafferty}, D. and {Retana-Montenegro}, E. and {Sabater}, J. and 
	{Tasse}, C. and {van Weeren}, R.~J. and {Br{\"u}ggen}, M. and 
	{Brunetti}, G. and {Chy{\.z}y}, K.~T. and {Conway}, J.~E. and 
	{Haverkorn}, M. and {Jackson}, N. and {Jarvis}, M.~J. and {McKean}, J.~P. and 
	{Miley}, G.~K. and {Morganti}, R. and {White}, G.~J. and {Wise}, M.~W. and 
	{van Bemmel}, I.~M. and {Beck}, R. and {Brienza}, M. and {Bonafede}, A. and 
	{Calistro Rivera}, G. and {Cassano}, R. and {Clarke}, A.~O. and 
	{Cseh}, D. and {Deller}, A. and {Drabent}, A. and {van Driel}, W. and 
	{Engels}, D. and {Falcke}, H. and {Ferrari}, C. and {Fr{\"o}hlich}, S. and 
	{Garrett}, M.~A. and {Harwood}, J.~J. and {Heesen}, V. and {Hoeft}, M. and 
	{Horellou}, C. and {Israel}, F.~P. and {Kapi{\'n}ska}, A.~D. and 
	{Kunert-Bajraszewska}, M. and {McKay}, D.~J. and {Mohan}, N.~R. and 
	{Orr{\'u}}, E. and {Pizzo}, R.~F. and {Prandoni}, I. and {Schwarz}, D.~J. and 
	{Shulevski}, A. and {Sipior}, M. and {Smith}, D.~J.~B. and {Sridhar}, S.~S. and 
	{Steinmetz}, M. and {Stroe}, A. and {Varenius}, E. and {van der Werf}, P.~P. and 
	{Zensus}, J.~A. and {Zwart}, J.~T.~L.},
    title = "{The LOFAR Two-metre Sky Survey. I. Survey description and preliminary data release}",
  journal = {\aap},
archivePrefix = "arXiv",
   eprint = {1611.02700},
 primaryClass = "astro-ph.IM",
 keywords = {surveys, catalogs, radio continuum: general, techniques: image processing},
     year = 2017,
    month = feb,
   volume = 598,
      eid = {A104},
    pages = {A104},
      doi = {10.1051/0004-6361/201629313},
   adsurl = {http://adsabs.harvard.edu/abs/2017A%26A...598A.104S},
  adsnote = {Provided by the SAO/NASA Astrophysics Data System}
}


@ARTICLE{2016ApJS..223....2V,
   author = {{van Weeren}, R.~J. and {Williams}, W.~L. and {Hardcastle}, M.~J. and 
	{Shimwell}, T.~W. and {Rafferty}, D.~A. and {Sabater}, J. and 
	{Heald}, G. and {Sridhar}, S.~S. and {Dijkema}, T.~J. and {Brunetti}, G. and 
	{Br{\"u}ggen}, M. and {Andrade-Santos}, F. and {Ogrean}, G.~A. and 
	{R{\"o}ttgering}, H.~J.~A. and {Dawson}, W.~A. and {Forman}, W.~R. and 
	{de Gasperin}, F. and {Jones}, C. and {Miley}, G.~K. and {Rudnick}, L. and 
	{Sarazin}, C.~L. and {Bonafede}, A. and {Best}, P.~N. and {B{\^i}rzan}, L. and 
	{Cassano}, R. and {Chy{\.z}y}, K.~T. and {Croston}, J.~H. and 
	{Ensslin}, T. and {Ferrari}, C. and {Hoeft}, M. and {Horellou}, C. and 
	{Jarvis}, M.~J. and {Kraft}, R.~P. and {Mevius}, M. and {Intema}, H.~T. and 
	{Murray}, S.~S. and {Orr{\'u}}, E. and {Pizzo}, R. and {Simionescu}, A. and 
	{Stroe}, A. and {van der Tol}, S. and {White}, G.~J.},
    title = "{LOFAR Facet Calibration}",
  journal = {\apjs},
archivePrefix = "arXiv",
   eprint = {1601.05422},
 primaryClass = "astro-ph.IM",
 keywords = {techniques: interferometric},
     year = 2016,
    month = mar,
   volume = 223,
      eid = {2},
    pages = {2},
      doi = {10.3847/0067-0049/223/1/2},
   adsurl = {http://adsabs.harvard.edu/abs/2016ApJS..223....2V},
  adsnote = {Provided by the SAO/NASA Astrophysics Data System}
}


@ARTICLE{2017ApJ...834..206C,
   author = {{Coughlan}, C.~P. and {Ainsworth}, R.~E. and {Eisl{\"o}ffel}, J. and 
	{Hoeft}, M. and {Drabent}, A. and {Scaife}, A.~M.~M. and {Ray}, T.~P. and 
	{Bell}, M.~E. and {Broderick}, J.~W. and {Corbel}, S. and {Grie{\ss}meier}, J.-M. and 
	{van der Horst}, A.~J. and {van Leeuwen}, J. and {Markoff}, S. and 
	{Pietka}, M. and {Stewart}, A.~J. and {Wijers}, R.~A.~M.~J. and 
	{Zarka}, P.},
    title = "{A LOFAR Detection of the Low-mass Young Star T Tau at 149 MHz}",
  journal = {\apj},
archivePrefix = "arXiv",
   eprint = {1611.03282},
 primaryClass = "astro-ph.SR",
 keywords = {radiation mechanisms: thermal, radio continuum: stars, stars: individual: T Tauri, stars: pre-main sequence, stars: protostars},
     year = 2017,
    month = jan,
   volume = 834,
      eid = {206},
    pages = {206},
      doi = {10.3847/1538-4357/834/2/206},
   adsurl = {http://adsabs.harvard.edu/abs/2017ApJ...834..206C},
  adsnote = {Provided by the SAO/NASA Astrophysics Data System}
}

@ARTICLE{2015A&A...574A.114V,
   author = {{Varenius}, E. and {Conway}, J.~E. and {Mart{\'{\i}}-Vidal}, I. and 
	{Beswick}, R. and {Deller}, A.~T. and {Wucknitz}, O. and {Jackson}, N. and 
	{Adebahr}, B. and {P{\'e}rez-Torres}, M.~A. and {Chy{\.z}y}, K.~T. and 
	{Carozzi}, T.~D. and {Mold{\'o}n}, J. and {Aalto}, S. and {Beck}, R. and 
	{Best}, P. and {Dettmar}, R.-J. and {van Driel}, W. and {Brunetti}, G. and 
	{Br{\"u}ggen}, M. and {Haverkorn}, M. and {Heald}, G. and {Horellou}, C. and 
	{Jarvis}, M.~J. and {Morabito}, L.~K. and {Miley}, G.~K. and 
	{R{\"o}ttgering}, H.~J.~A. and {Toribio}, M.~C. and {White}, G.~J.
	},
    title = "{Subarcsecond international LOFAR radio images of the M82 nucleus at 118 MHz and 154 MHz}",
  journal = {\aap},
archivePrefix = "arXiv",
   eprint = {1411.7680},
 keywords = {techniques: interferometric, techniques: high angular resolution, supernovae: individual: 2008iz, galaxies: starburst, galaxies: individual: M82, galaxies: star formation},
     year = 2015,
    month = feb,
   volume = 574,
      eid = {A114},
    pages = {A114},
      doi = {10.1051/0004-6361/201425089},
   adsurl = {http://adsabs.harvard.edu/abs/2015A%26A...574A.114V},
  adsnote = {Provided by the SAO/NASA Astrophysics Data System}
}


@ARTICLE{2010A&A...509A..68C,
   author = {{Cassano}, R. and {Brunetti}, G. and {R{\"o}ttgering}, H.~J.~A. and 
	{Br{\"u}ggen}, M.},
    title = "{Unveiling radio halos in galaxy clusters in the LOFAR era}",
  journal = {\aap},
archivePrefix = "arXiv",
   eprint = {0910.2025},
 keywords = {radiation mechanism: non-thermal, galaxies: clusters: general, radio continuum: general, X-rays: general},
     year = 2010,
    month = jan,
   volume = 509,
      eid = {A68},
    pages = {A68},
      doi = {10.1051/0004-6361/200913063},
   adsurl = {http://adsabs.harvard.edu/abs/2010A%26A...509A..68C},
  adsnote = {Provided by the SAO/NASA Astrophysics Data System}
}

@BOOK{1978ppim.book.....S,
   author = {{Spitzer}, L.},
    title = "{Physical processes in the interstellar medium}",
 keywords = {Astrophysics, Interstellar Chemistry, Interstellar Matter, Dissociation, Excitation, Gravitational Effects, H Ii Regions, Ionization, Optical Properties, Polarized Electromagnetic Radiation, Radiative Transfer, Shock Waves, Thermodynamic Equilibrium},
booktitle = {Physical processes in the interstellar medium, by Lyman Spitzer.~ New York Wiley-Interscience, 1978.~333 p.},
     year = 1978,
      doi = {10.1002/9783527617722},
   adsurl = {http://adsabs.harvard.edu/abs/1978ppim.book.....S},
  adsnote = {Provided by the SAO/NASA Astrophysics Data System}
}

@ARTICLE{2009ApJS..181..255A,
   author = {{Anderson}, L.~D. and {Bania}, T.~M. and {Jackson}, J.~M. and 
	{Clemens}, D.~P. and {Heyer}, M. and {Simon}, R. and {Shah}, R.~Y. and 
	{Rathborne}, J.~M.},
    title = "{The Molecular Properties of Galactic H II Regions}",
  journal = {\apjs},
archivePrefix = "arXiv",
   eprint = {0810.3685},
 keywords = {H II regions, ISM: clouds, ISM: evolution, ISM: lines and bands, ISM: structure, radio lines: ISM},
     year = 2009,
    month = mar,
   volume = 181,
    pages = {255-271},
      doi = {10.1088/0067-0049/181/1/255},
   adsurl = {http://adsabs.harvard.edu/abs/2009ApJS..181..255A},
  adsnote = {Provided by the SAO/NASA Astrophysics Data System}
}

@INPROCEEDINGS{1995AAS...18711202B,
   author = {{Briggs}, D.~S.},
    title = "{High Fidelity Interferometric Imaging: Robust Weighting and NNLS Deconvolution}",
booktitle = {American Astronomical Society Meeting Abstracts},
     year = 1995,
   series = {Bulletin of the American Astronomical Society},
   volume = 27,
    month = dec,
      eid = {112.02},
    pages = {1444},
   adsurl = {http://adsabs.harvard.edu/abs/1995AAS...18711202B},
  adsnote = {Provided by the SAO/NASA Astrophysics Data System}
}


@ARTICLE{2016MNRAS.462.2542A,
   author = {{Atemkeng}, M.~T. and {Smirnov}, O.~M. and {Tasse}, C. and {Foster}, G. and 
	{Jonas}, J.},
    title = "{Using baseline-dependent window functions for data compression and field-of-interest shaping in radio interferometry}",
  journal = {\mnras},
archivePrefix = "arXiv",
   eprint = {1607.04106},
 primaryClass = "astro-ph.IM",
 keywords = {instrumentation: interferometers, methods: data analysis, methods: numerical, techniques: interferometric},
     year = 2016,
    month = nov,
   volume = 462,
    pages = {2542-2558},
      doi = {10.1093/mnras/stw1656},
   adsurl = {http://adsabs.harvard.edu/abs/2016MNRAS.462.2542A},
  adsnote = {Provided by the SAO/NASA Astrophysics Data System}
}

@ARTICLE{2013A&A...556A...2V,
   author = {{van Haarlem}, M.~P. and {Wise}, M.~W. and {Gunst}, A.~W. and 
	{Heald}, G. and {McKean}, J.~P. and {Hessels}, J.~W.~T. and 
	{de Bruyn}, A.~G. and {Nijboer}, R. and {Swinbank}, J. and {Fallows}, R. and 
	{Brentjens}, M. and {Nelles}, A. and {Beck}, R. and {Falcke}, H. and 
	{Fender}, R. and {H{\"o}randel}, J. and {Koopmans}, L.~V.~E. and 
	{Mann}, G. and {Miley}, G. and {R{\"o}ttgering}, H. and {Stappers}, B.~W. and 
	{Wijers}, R.~A.~M.~J. and {Zaroubi}, S. and {van den Akker}, M. and 
	{Alexov}, A. and {Anderson}, J. and {Anderson}, K. and {van Ardenne}, A. and 
	{Arts}, M. and {Asgekar}, A. and {Avruch}, I.~M. and {Batejat}, F. and 
	{B{\"a}hren}, L. and {Bell}, M.~E. and {Bell}, M.~R. and {van Bemmel}, I. and 
	{Bennema}, P. and {Bentum}, M.~J. and {Bernardi}, G. and {Best}, P. and 
	{B{\^i}rzan}, L. and {Bonafede}, A. and {Boonstra}, A.-J. and 
	{Braun}, R. and {Bregman}, J. and {Breitling}, F. and {van de Brink}, R.~H. and 
	{Broderick}, J. and {Broekema}, P.~C. and {Brouw}, W.~N. and 
	{Br{\"u}ggen}, M. and {Butcher}, H.~R. and {van Cappellen}, W. and 
	{Ciardi}, B. and {Coenen}, T. and {Conway}, J. and {Coolen}, A. and 
	{Corstanje}, A. and {Damstra}, S. and {Davies}, O. and {Deller}, A.~T. and 
	{Dettmar}, R.-J. and {van Diepen}, G. and {Dijkstra}, K. and 
	{Donker}, P. and {Doorduin}, A. and {Dromer}, J. and {Drost}, M. and 
	{van Duin}, A. and {Eisl{\"o}ffel}, J. and {van Enst}, J. and 
	{Ferrari}, C. and {Frieswijk}, W. and {Gankema}, H. and {Garrett}, M.~A. and 
	{de Gasperin}, F. and {Gerbers}, M. and {de Geus}, E. and {Grie{\ss}meier}, J.-M. and 
	{Grit}, T. and {Gruppen}, P. and {Hamaker}, J.~P. and {Hassall}, T. and 
	{Hoeft}, M. and {Holties}, H.~A. and {Horneffer}, A. and {van der Horst}, A. and 
	{van Houwelingen}, A. and {Huijgen}, A. and {Iacobelli}, M. and 
	{Intema}, H. and {Jackson}, N. and {Jelic}, V. and {de Jong}, A. and 
	{Juette}, E. and {Kant}, D. and {Karastergiou}, A. and {Koers}, A. and 
	{Kollen}, H. and {Kondratiev}, V.~I. and {Kooistra}, E. and 
	{Koopman}, Y. and {Koster}, A. and {Kuniyoshi}, M. and {Kramer}, M. and 
	{Kuper}, G. and {Lambropoulos}, P. and {Law}, C. and {van Leeuwen}, J. and 
	{Lemaitre}, J. and {Loose}, M. and {Maat}, P. and {Macario}, G. and 
	{Markoff}, S. and {Masters}, J. and {McFadden}, R.~A. and {McKay-Bukowski}, D. and 
	{Meijering}, H. and {Meulman}, H. and {Mevius}, M. and {Middelberg}, E. and 
	{Millenaar}, R. and {Miller-Jones}, J.~C.~A. and {Mohan}, R.~N. and 
	{Mol}, J.~D. and {Morawietz}, J. and {Morganti}, R. and {Mulcahy}, D.~D. and 
	{Mulder}, E. and {Munk}, H. and {Nieuwenhuis}, L. and {van Nieuwpoort}, R. and 
	{Noordam}, J.~E. and {Norden}, M. and {Noutsos}, A. and {Offringa}, A.~R. and 
	{Olofsson}, H. and {Omar}, A. and {Orr{\'u}}, E. and {Overeem}, R. and 
	{Paas}, H. and {Pandey-Pommier}, M. and {Pandey}, V.~N. and 
	{Pizzo}, R. and {Polatidis}, A. and {Rafferty}, D. and {Rawlings}, S. and 
	{Reich}, W. and {de Reijer}, J.-P. and {Reitsma}, J. and {Renting}, G.~A. and 
	{Riemers}, P. and {Rol}, E. and {Romein}, J.~W. and {Roosjen}, J. and 
	{Ruiter}, M. and {Scaife}, A. and {van der Schaaf}, K. and {Scheers}, B. and 
	{Schellart}, P. and {Schoenmakers}, A. and {Schoonderbeek}, G. and 
	{Serylak}, M. and {Shulevski}, A. and {Sluman}, J. and {Smirnov}, O. and 
	{Sobey}, C. and {Spreeuw}, H. and {Steinmetz}, M. and {Sterks}, C.~G.~M. and 
	{Stiepel}, H.-J. and {Stuurwold}, K. and {Tagger}, M. and {Tang}, Y. and 
	{Tasse}, C. and {Thomas}, I. and {Thoudam}, S. and {Toribio}, M.~C. and 
	{van der Tol}, B. and {Usov}, O. and {van Veelen}, M. and {van der Veen}, A.-J. and 
	{ter Veen}, S. and {Verbiest}, J.~P.~W. and {Vermeulen}, R. and 
	{Vermaas}, N. and {Vocks}, C. and {Vogt}, C. and {de Vos}, M. and 
	{van der Wal}, E. and {van Weeren}, R. and {Weggemans}, H. and 
	{Weltevrede}, P. and {White}, S. and {Wijnholds}, S.~J. and 
	{Wilhelmsson}, T. and {Wucknitz}, O. and {Yatawatta}, S. and 
	{Zarka}, P. and {Zensus}, A. and {van Zwieten}, J.},
    title = "{LOFAR: The LOw-Frequency ARray}",
  journal = {\aap},
archivePrefix = "arXiv",
   eprint = {1305.3550},
 primaryClass = "astro-ph.IM",
 keywords = {instrumentation: interferometers, radio continuum: general, radio lines: general, dark ages, reionization, first stars, telescopes},
     year = 2013,
    month = aug,
   volume = 556,
      eid = {A2},
    pages = {A2},
      doi = {10.1051/0004-6361/201220873},
   adsurl = {http://adsabs.harvard.edu/abs/2013A%26A...556A...2V},
  adsnote = {Provided by the SAO/NASA Astrophysics Data System}
}

@INPROCEEDINGS{2012sf2a.conf..687Z,
   author = {{Zarka}, P. and {Girard}, J.~N. and {Tagger}, M. and {Denis}, L.
	},
    title = "{LSS/NenuFAR: The LOFAR Super Station project in Nan{\c c}ay}",
 keywords = {Radioastronomy, Low-Frequency, Array, LOFAR, Nan{\c c}ay, LOFAR Super Station, Antenna, Preamplifier, Receiver, Phasing, Exoplanets, Pulsars, ISM, Cosmology, Transients},
booktitle = {SF2A-2012: Proceedings of the Annual meeting of the French Society of Astronomy and Astrophysics},
     year = 2012,
   editor = {{Boissier}, S. and {de Laverny}, P. and {Nardetto}, N. and {Samadi}, R. and 
	{Valls-Gabaud}, D. and {Wozniak}, H.},
    month = dec,
    pages = {687-694},
   adsurl = {http://adsabs.harvard.edu/abs/2012sf2a.conf..687Z},
  adsnote = {Provided by the SAO/NASA Astrophysics Data System}
}

@ARTICLE{2018ApJ...857...23C,
   author = {{Chael}, A.~A. and {Johnson}, M.~D. and {Bouman}, K.~L. and 
	{Blackburn}, L.~L. and {Akiyama}, K. and {Narayan}, R.},
    title = "{Interferometric Imaging Directly with Closure Phases and Closure Amplitudes}",
  journal = {\apj},
archivePrefix = "arXiv",
   eprint = {1803.07088},
 primaryClass = "astro-ph.IM",
 keywords = {accretion, accretion disks, black hole physics, Galaxy: center, techniques: high angular resolution, techniques: image processing },
     year = 2018,
    month = apr,
   volume = 857,
      eid = {23},
    pages = {23},
      doi = {10.3847/1538-4357/aab6a8},
   adsurl = {http://adsabs.harvard.edu/abs/2018ApJ...857...23C},
  adsnote = {Provided by the SAO/NASA Astrophysics Data System}
}

@ARTICLE{2017A&A...598A.104S,
   author = {{Shimwell}, T.~W. and {R{\"o}ttgering}, H.~J.~A. and {Best}, P.~N. and 
	{Williams}, W.~L. and {Dijkema}, T.~J. and {de Gasperin}, F. and 
	{Hardcastle}, M.~J. and {Heald}, G.~H. and {Hoang}, D.~N. and 
	{Horneffer}, A. and {Intema}, H. and {Mahony}, E.~K. and {Mandal}, S. and 
	{Mechev}, A.~P. and {Morabito}, L. and {Oonk}, J.~B.~R. and 
	{Rafferty}, D. and {Retana-Montenegro}, E. and {Sabater}, J. and 
	{Tasse}, C. and {van Weeren}, R.~J. and {Br{\"u}ggen}, M. and 
	{Brunetti}, G. and {Chy{\.z}y}, K.~T. and {Conway}, J.~E. and 
	{Haverkorn}, M. and {Jackson}, N. and {Jarvis}, M.~J. and {McKean}, J.~P. and 
	{Miley}, G.~K. and {Morganti}, R. and {White}, G.~J. and {Wise}, M.~W. and 
	{van Bemmel}, I.~M. and {Beck}, R. and {Brienza}, M. and {Bonafede}, A. and 
	{Calistro Rivera}, G. and {Cassano}, R. and {Clarke}, A.~O. and 
	{Cseh}, D. and {Deller}, A. and {Drabent}, A. and {van Driel}, W. and 
	{Engels}, D. and {Falcke}, H. and {Ferrari}, C. and {Fr{\"o}hlich}, S. and 
	{Garrett}, M.~A. and {Harwood}, J.~J. and {Heesen}, V. and {Hoeft}, M. and 
	{Horellou}, C. and {Israel}, F.~P. and {Kapi{\'n}ska}, A.~D. and 
	{Kunert-Bajraszewska}, M. and {McKay}, D.~J. and {Mohan}, N.~R. and 
	{Orr{\'u}}, E. and {Pizzo}, R.~F. and {Prandoni}, I. and {Schwarz}, D.~J. and 
	{Shulevski}, A. and {Sipior}, M. and {Smith}, D.~J.~B. and {Sridhar}, S.~S. and 
	{Steinmetz}, M. and {Stroe}, A. and {Varenius}, E. and {van der Werf}, P.~P. and 
	{Zensus}, J.~A. and {Zwart}, J.~T.~L.},
    title = "{The LOFAR Two-metre Sky Survey. I. Survey description and preliminary data release}",
  journal = {\aap},
archivePrefix = "arXiv",
   eprint = {1611.02700},
 primaryClass = "astro-ph.IM",
 keywords = {surveys, catalogs, radio continuum: general, techniques: image processing},
     year = 2017,
    month = feb,
   volume = 598,
      eid = {A104},
    pages = {A104},
      doi = {10.1051/0004-6361/201629313},
   adsurl = {http://adsabs.harvard.edu/abs/2017A%26A...598A.104S},
  adsnote = {Provided by the SAO/NASA Astrophysics Data System}
}


@ARTICLE{2012RaSc...47.0K04L,
   author = {{Lane}, W.~M. and {Cotton}, W.~D. and {Helmboldt}, J.~F. and 
	{Kassim}, N.~E.},
    title = "{VLSS redux: Software improvements applied to the Very Large Array Low-Frequency Sky Survey}",
  journal = {Radio Science},
archivePrefix = "arXiv",
   eprint = {1205.4695},
 primaryClass = "astro-ph.IM",
 keywords = {ionospheric calibration, low-frequency radio astronomy, surveys},
     year = 2012,
    month = jan,
   volume = 47,
      eid = {RS0K04},
    pages = {RS0K04},
      doi = {10.1029/2011RS004941},
   adsurl = {http://adsabs.harvard.edu/abs/2012RaSc...47.0K04L},
  adsnote = {Provided by the SAO/NASA Astrophysics Data System}
}

@ARTICLE{1997A&AS..124..259R,
   author = {{Rengelink}, R.~B. and {Tang}, Y. and {de Bruyn}, A.~G. and 
	{Miley}, G.~K. and {Bremer}, M.~N. and {Roettgering}, H.~J.~A. and 
	{Bremer}, M.~A.~R.},
    title = "{The Westerbork Northern Sky Survey (WENSS), I. A 570 square degree Mini-Survey around the North Ecliptic Pole}",
  journal = {\aaps},
 keywords = {SURVEYS, RADIO CONTINUUM: GENERAL},
     year = 1997,
    month = aug,
   volume = 124,
    pages = {259-280},
      doi = {10.1051/aas:1997358},
   adsurl = {http://adsabs.harvard.edu/abs/1997A%26AS..124..259R},
  adsnote = {Provided by the SAO/NASA Astrophysics Data System}
}

@ARTICLE{1998AJ....115.1693C,
   author = {{Condon}, J.~J. and {Cotton}, W.~D. and {Greisen}, E.~W. and 
	{Yin}, Q.~F. and {Perley}, R.~A. and {Taylor}, G.~B. and {Broderick}, J.~J.
	},
    title = "{The NRAO VLA Sky Survey}",
  journal = {\aj},
 keywords = {CATALOGS, METHODS: DATA ANALYSIS, METHODS: OBSERVATIONAL, RADIO CONTINUUM, SURVEYS},
     year = 1998,
    month = may,
   volume = 115,
    pages = {1693-1716},
      doi = {10.1086/300337},
   adsurl = {http://adsabs.harvard.edu/abs/1998AJ....115.1693C},
  adsnote = {Provided by the SAO/NASA Astrophysics Data System}
}

@ARTICLE{2016ApJS..223....2V,
   author = {{van Weeren}, R.~J. and {Williams}, W.~L. and {Hardcastle}, M.~J. and 
	{Shimwell}, T.~W. and {Rafferty}, D.~A. and {Sabater}, J. and 
	{Heald}, G. and {Sridhar}, S.~S. and {Dijkema}, T.~J. and {Brunetti}, G. and 
	{Br{\"u}ggen}, M. and {Andrade-Santos}, F. and {Ogrean}, G.~A. and 
	{R{\"o}ttgering}, H.~J.~A. and {Dawson}, W.~A. and {Forman}, W.~R. and 
	{de Gasperin}, F. and {Jones}, C. and {Miley}, G.~K. and {Rudnick}, L. and 
	{Sarazin}, C.~L. and {Bonafede}, A. and {Best}, P.~N. and {B{\^i}rzan}, L. and 
	{Cassano}, R. and {Chy{\.z}y}, K.~T. and {Croston}, J.~H. and 
	{Ensslin}, T. and {Ferrari}, C. and {Hoeft}, M. and {Horellou}, C. and 
	{Jarvis}, M.~J. and {Kraft}, R.~P. and {Mevius}, M. and {Intema}, H.~T. and 
	{Murray}, S.~S. and {Orr{\'u}}, E. and {Pizzo}, R. and {Simionescu}, A. and 
	{Stroe}, A. and {van der Tol}, S. and {White}, G.~J.},
    title = "{LOFAR Facet Calibration}",
  journal = {\apjs},
archivePrefix = "arXiv",
   eprint = {1601.05422},
 primaryClass = "astro-ph.IM",
 keywords = {techniques: interferometric},
     year = 2016,
    month = mar,
   volume = 223,
      eid = {2},
    pages = {2},
      doi = {10.3847/0067-0049/223/1/2},
   adsurl = {http://adsabs.harvard.edu/abs/2016ApJS..223....2V},
  adsnote = {Provided by the SAO/NASA Astrophysics Data System}
}

@ARTICLE{2016MNRAS.460.2385W,
   author = {{Williams}, W.~L. and {van Weeren}, R.~J. and {R{\"o}ttgering}, H.~J.~A. and 
	{Best}, P. and {Dijkema}, T.~J. and {de Gasperin}, F. and {Hardcastle}, M.~J. and 
	{Heald}, G. and {Prandoni}, I. and {Sabater}, J. and {Shimwell}, T.~W. and 
	{Tasse}, C. and {van Bemmel}, I.~M. and {Br{\"u}ggen}, M. and 
	{Brunetti}, G. and {Conway}, J.~E. and {En{\ss}lin}, T. and 
	{Engels}, D. and {Falcke}, H. and {Ferrari}, C. and {Haverkorn}, M. and 
	{Jackson}, N. and {Jarvis}, M.~J. and {Kapi{\'n}ska}, A.~D. and 
	{Mahony}, E.~K. and {Miley}, G.~K. and {Morabito}, L.~K. and 
	{Morganti}, R. and {Orr{\'u}}, E. and {Retana-Montenegro}, E. and 
	{Sridhar}, S.~S. and {Toribio}, M.~C. and {White}, G.~J. and 
	{Wise}, M.~W. and {Zwart}, J.~T.~L.},
    title = "{LOFAR 150-MHz observations of the Bo{\"o}tes field: catalogue and source counts}",
  journal = {\mnras},
archivePrefix = "arXiv",
   eprint = {1605.01531},
 keywords = {techniques: interferometric, surveys, galaxies: active, radio continuum: galaxies},
     year = 2016,
    month = aug,
   volume = 460,
    pages = {2385-2412},
      doi = {10.1093/mnras/stw1056},
   adsurl = {http://adsabs.harvard.edu/abs/2016MNRAS.460.2385W},
  adsnote = {Provided by the SAO/NASA Astrophysics Data System}
}

@INPROCEEDINGS{2017AAS...22911604E,
   author = {{Enriquez}, J.~E. and {Siemion}, A. and {Falcke}, H. and {Croft}, S. and 
	{DeBoer}, D.~R. and {Gajjar}, V. and {Hickish}, J. and {Isaacson}, H.~T. and 
	{Lebofsky}, M. and {MacMahon}, D. and {Price}, D.~C. and {Tellis}, N. and 
	{Werthimer}, D. and {ter Veen}, S. and {Garrett}, M.~A. and 
	{Hellbourg}, G.},
    title = "{The Breakthrough Listen Initiative and the Future of the Search for Intelligent Life}",
booktitle = {American Astronomical Society Meeting Abstracts \#229},
     year = 2017,
   series = {American Astronomical Society Meeting Abstracts},
   volume = 229,
    month = jan,
      eid = {116.04},
    pages = {116.04},
   adsurl = {http://adsabs.harvard.edu/abs/2017AAS...22911604E},
  adsnote = {Provided by the SAO/NASA Astrophysics Data System}
}

@ARTICLE{2000AJ....120.1579Y,
   author = {{York}, D.~G. and {Adelman}, J. and {Anderson}, Jr., J.~E. and 
	{Anderson}, S.~F. and {Annis}, J. and {Bahcall}, N.~A. and {Bakken}, J.~A. and 
	{Barkhouser}, R. and {Bastian}, S. and {Berman}, E. and {Boroski}, W.~N. and 
	{Bracker}, S. and {Briegel}, C. and {Briggs}, J.~W. and {Brinkmann}, J. and 
	{Brunner}, R. and {Burles}, S. and {Carey}, L. and {Carr}, M.~A. and 
	{Castander}, F.~J. and {Chen}, B. and {Colestock}, P.~L. and 
	{Connolly}, A.~J. and {Crocker}, J.~H. and {Csabai}, I. and 
	{Czarapata}, P.~C. and {Davis}, J.~E. and {Doi}, M. and {Dombeck}, T. and 
	{Eisenstein}, D. and {Ellman}, N. and {Elms}, B.~R. and {Evans}, M.~L. and 
	{Fan}, X. and {Federwitz}, G.~R. and {Fiscelli}, L. and {Friedman}, S. and 
	{Frieman}, J.~A. and {Fukugita}, M. and {Gillespie}, B. and 
	{Gunn}, J.~E. and {Gurbani}, V.~K. and {de Haas}, E. and {Haldeman}, M. and 
	{Harris}, F.~H. and {Hayes}, J. and {Heckman}, T.~M. and {Hennessy}, G.~S. and 
	{Hindsley}, R.~B. and {Holm}, S. and {Holmgren}, D.~J. and {Huang}, C.-h. and 
	{Hull}, C. and {Husby}, D. and {Ichikawa}, S.-I. and {Ichikawa}, T. and 
	{Ivezi{\'c}}, {\v Z}. and {Kent}, S. and {Kim}, R.~S.~J. and 
	{Kinney}, E. and {Klaene}, M. and {Kleinman}, A.~N. and {Kleinman}, S. and 
	{Knapp}, G.~R. and {Korienek}, J. and {Kron}, R.~G. and {Kunszt}, P.~Z. and 
	{Lamb}, D.~Q. and {Lee}, B. and {Leger}, R.~F. and {Limmongkol}, S. and 
	{Lindenmeyer}, C. and {Long}, D.~C. and {Loomis}, C. and {Loveday}, J. and 
	{Lucinio}, R. and {Lupton}, R.~H. and {MacKinnon}, B. and {Mannery}, E.~J. and 
	{Mantsch}, P.~M. and {Margon}, B. and {McGehee}, P. and {McKay}, T.~A. and 
	{Meiksin}, A. and {Merelli}, A. and {Monet}, D.~G. and {Munn}, J.~A. and 
	{Narayanan}, V.~K. and {Nash}, T. and {Neilsen}, E. and {Neswold}, R. and 
	{Newberg}, H.~J. and {Nichol}, R.~C. and {Nicinski}, T. and 
	{Nonino}, M. and {Okada}, N. and {Okamura}, S. and {Ostriker}, J.~P. and 
	{Owen}, R. and {Pauls}, A.~G. and {Peoples}, J. and {Peterson}, R.~L. and 
	{Petravick}, D. and {Pier}, J.~R. and {Pope}, A. and {Pordes}, R. and 
	{Prosapio}, A. and {Rechenmacher}, R. and {Quinn}, T.~R. and 
	{Richards}, G.~T. and {Richmond}, M.~W. and {Rivetta}, C.~H. and 
	{Rockosi}, C.~M. and {Ruthmansdorfer}, K. and {Sandford}, D. and 
	{Schlegel}, D.~J. and {Schneider}, D.~P. and {Sekiguchi}, M. and 
	{Sergey}, G. and {Shimasaku}, K. and {Siegmund}, W.~A. and {Smee}, S. and 
	{Smith}, J.~A. and {Snedden}, S. and {Stone}, R. and {Stoughton}, C. and 
	{Strauss}, M.~A. and {Stubbs}, C. and {SubbaRao}, M. and {Szalay}, A.~S. and 
	{Szapudi}, I. and {Szokoly}, G.~P. and {Thakar}, A.~R. and {Tremonti}, C. and 
	{Tucker}, D.~L. and {Uomoto}, A. and {Vanden Berk}, D. and {Vogeley}, M.~S. and 
	{Waddell}, P. and {Wang}, S.-i. and {Watanabe}, M. and {Weinberg}, D.~H. and 
	{Yanny}, B. and {Yasuda}, N. and {SDSS Collaboration}},
    title = "{The Sloan Digital Sky Survey: Technical Summary}",
  journal = {\aj},
   eprint = {astro-ph/0006396},
 keywords = {Cosmology: Observations, Instrumentation: Miscellaneous},
     year = 2000,
    month = sep,
   volume = 120,
    pages = {1579-1587},
      doi = {10.1086/301513},
   adsurl = {http://adsabs.harvard.edu/abs/2000AJ....120.1579Y},
  adsnote = {Provided by the SAO/NASA Astrophysics Data System}
}

@ARTICLE{2010AJ....140.1868W,
   author = {{Wright}, E.~L. and {Eisenhardt}, P.~R.~M. and {Mainzer}, A.~K. and 
	{Ressler}, M.~E. and {Cutri}, R.~M. and {Jarrett}, T. and {Kirkpatrick}, J.~D. and 
	{Padgett}, D. and {McMillan}, R.~S. and {Skrutskie}, M. and 
	{Stanford}, S.~A. and {Cohen}, M. and {Walker}, R.~G. and {Mather}, J.~C. and 
	{Leisawitz}, D. and {Gautier}, III, T.~N. and {McLean}, I. and 
	{Benford}, D. and {Lonsdale}, C.~J. and {Blain}, A. and {Mendez}, B. and 
	{Irace}, W.~R. and {Duval}, V. and {Liu}, F. and {Royer}, D. and 
	{Heinrichsen}, I. and {Howard}, J. and {Shannon}, M. and {Kendall}, M. and 
	{Walsh}, A.~L. and {Larsen}, M. and {Cardon}, J.~G. and {Schick}, S. and 
	{Schwalm}, M. and {Abid}, M. and {Fabinsky}, B. and {Naes}, L. and 
	{Tsai}, C.-W.},
    title = "{The Wide-field Infrared Survey Explorer (WISE): Mission Description and Initial On-orbit Performance}",
  journal = {\aj},
archivePrefix = "arXiv",
   eprint = {1008.0031},
 primaryClass = "astro-ph.IM",
 keywords = {infrared: general, space vehicles, surveys},
     year = 2010,
    month = dec,
   volume = 140,
      eid = {1868-1881},
    pages = {1868-1881},
      doi = {10.1088/0004-6256/140/6/1868},
   adsurl = {http://adsabs.harvard.edu/abs/2010AJ....140.1868W},
  adsnote = {Provided by the SAO/NASA Astrophysics Data System}
}


@ARTICLE{2000A&AS..143....9W,
   author = {{Wenger}, M. and {Ochsenbein}, F. and {Egret}, D. and {Dubois}, P. and 
	{Bonnarel}, F. and {Borde}, S. and {Genova}, F. and {Jasniewicz}, G. and 
	{Lalo{\"e}}, S. and {Lesteven}, S. and {Monier}, R.},
    title = "{The SIMBAD astronomical database. The CDS reference database for astronomical objects}",
  journal = {\aaps},
   eprint = {astro-ph/0002110},
 keywords = {ASTRONOMICAL DATA BASES: MISCELLANEOUS, CATALOGS},
     year = 2000,
    month = apr,
   volume = 143,
    pages = {9-22},
      doi = {10.1051/aas:2000332},
   adsurl = {http://adsabs.harvard.edu/abs/2000A%26AS..143....9W},
  adsnote = {Provided by the SAO/NASA Astrophysics Data System}
}


@ARTICLE{2013yCat.5139....0A,
   author = {{Ahn}, C.~P. and {et al.}},
    title = "{VizieR Online Data Catalog: The SDSS Photometric Catalog, Release 9 (Adelman-McCarthy+, 2012)}",
  journal = {VizieR Online Data Catalog},
 keywords = {Surveys, Photometry: SDSS, Redshifts},
     year = 2013,
    month = feb,
   volume = 5139,
   adsurl = {http://adsabs.harvard.edu/abs/2013yCat.5139....0A},
  adsnote = {Provided by the SAO/NASA Astrophysics Data System}
}

@ARTICLE{2010ApJ...723.1119L,
   author = {{Lin}, Y.-T. and {Shen}, Y. and {Strauss}, M.~A. and {Richards}, G.~T. and 
	{Lunnan}, R.},
    title = "{On the Populations of Radio Galaxies with Extended Morphology at z $\lt$ 0.3}",
  journal = {\apj},
archivePrefix = "arXiv",
   eprint = {1006.5452},
 keywords = {galaxies: active, galaxies: elliptical and lenticular, cD, radio continuum: galaxies},
     year = 2010,
    month = nov,
   volume = 723,
    pages = {1119-1138},
      doi = {10.1088/0004-637X/723/2/1119},
   adsurl = {http://adsabs.harvard.edu/abs/2010ApJ...723.1119L},
  adsnote = {Provided by the SAO/NASA Astrophysics Data System}
}


@ARTICLE{2009yCat.2294....0A,
   author = {{Adelman-McCarthy}, J.~K. and {et al.}},
    title = "{VizieR Online Data Catalog: The SDSS Photometric Catalog, Release 7 (Adelman-McCarthy+, 2009)}",
  journal = {VizieR Online Data Catalog},
 keywords = {Surveys, Photometry: SDSS, Redshifts},
     year = 2009,
    month = jun,
   volume = 2294,
   adsurl = {http://adsabs.harvard.edu/abs/2009yCat.2294....0A},
  adsnote = {Provided by the SAO/NASA Astrophysics Data System}
}

@ARTICLE{2014ApJ...793...82V,
   author = {{van Weeren}, R.~J. and {Williams}, W.~L. and {Tasse}, C. and 
	{R{\"o}ttgering}, H.~J.~A. and {Rafferty}, D.~A. and {van der Tol}, S. and 
	{Heald}, G. and {White}, G.~J. and {Shulevski}, A. and {Best}, P. and 
	{Intema}, H.~T. and {Bhatnagar}, S. and {Reich}, W. and {Steinmetz}, M. and 
	{van Velzen}, S. and {En{\ss}lin}, T.~A. and {Prandoni}, I. and 
	{de Gasperin}, F. and {Jamrozy}, M. and {Brunetti}, G. and {Jarvis}, M.~J. and 
	{McKean}, J.~P. and {Wise}, M.~W. and {Ferrari}, C. and {Harwood}, J. and 
	{Oonk}, J.~B.~R. and {Hoeft}, M. and {Kunert-Bajraszewska}, M. and 
	{Horellou}, C. and {Wucknitz}, O. and {Bonafede}, A. and {Mohan}, N.~R. and 
	{Scaife}, A.~M.~M. and {Kl{\"o}ckner}, H.-R. and {van Bemmel}, I.~M. and 
	{Merloni}, A. and {Chyzy}, K.~T. and {Engels}, D. and {Falcke}, H. and 
	{Pandey-Pommier}, M. and {Alexov}, A. and {Anderson}, J. and 
	{Avruch}, I.~M. and {Beck}, R. and {Bell}, M.~E. and {Bentum}, M.~J. and 
	{Bernardi}, G. and {Breitling}, F. and {Broderick}, J. and {Brouw}, W.~N. and 
	{Br{\"u}ggen}, M. and {Butcher}, H.~R. and {Ciardi}, B. and 
	{de Geus}, E. and {de Vos}, M. and {Deller}, A. and {Duscha}, S. and 
	{Eisl{\"o}ffel}, J. and {Fallows}, R.~A. and {Frieswijk}, W. and 
	{Garrett}, M.~A. and {Grie{\ss}meier}, J. and {Gunst}, A.~W. and 
	{Hamaker}, J.~P. and {Hassall}, T.~E. and {H{\"o}randel}, J. and 
	{van der Horst}, A. and {Iacobelli}, M. and {Jackson}, N.~J. and 
	{Juette}, E. and {Kondratiev}, V.~I. and {Kuniyoshi}, M. and 
	{Maat}, P. and {Mann}, G. and {McKay-Bukowski}, D. and {Mevius}, M. and 
	{Morganti}, R. and {Munk}, H. and {Offringa}, A.~R. and {Orr{\`u}}, E. and 
	{Paas}, H. and {Pandey}, V.~N. and {Pietka}, G. and {Pizzo}, R. and 
	{Polatidis}, A.~G. and {Renting}, A. and {Rowlinson}, A. and 
	{Schwarz}, D. and {Serylak}, M. and {Sluman}, J. and {Smirnov}, O. and 
	{Stappers}, B.~W. and {Stewart}, A. and {Swinbank}, J. and {Tagger}, M. and 
	{Tang}, Y. and {Thoudam}, S. and {Toribio}, C. and {Vermeulen}, R. and 
	{Vocks}, C. and {Zarka}, P.},
    title = "{LOFAR Low-band Antenna Observations of the 3C 295 and Bo{\"o}tes Fields: Source Counts and Ultra-steep Spectrum Sources}",
  journal = {\apj},
archivePrefix = "arXiv",
   eprint = {1409.5437},
 keywords = {galaxies: active, radio continuum: general, surveys, techniques: interferometric},
     year = 2014,
    month = oct,
   volume = 793,
      eid = {82},
    pages = {82},
      doi = {10.1088/0004-637X/793/2/82},
   adsurl = {http://adsabs.harvard.edu/abs/2014ApJ...793...82V},
  adsnote = {Provided by the SAO/NASA Astrophysics Data System}
}

@ARTICLE{2011A&A...530A..60M,
   author = {{Marecki}, A. and {Swoboda}, B.},
    title = "{More evidence for extinction of activity in galaxies}",
  journal = {\aap},
archivePrefix = "arXiv",
   eprint = {1104.2521},
 primaryClass = "astro-ph.CO",
 keywords = {radio continuum: galaxies, galaxies: active, X-rays: binaries},
     year = 2011,
    month = jun,
   volume = 530,
      eid = {A60},
    pages = {A60},
      doi = {10.1051/0004-6361/201116832},
   adsurl = {http://adsabs.harvard.edu/abs/2011A%26A...530A..60M},
  adsnote = {Provided by the SAO/NASA Astrophysics Data System}
}


@ARTICLE{2009MNRAS.395..255M,
   author = {{McConnachie}, A.~W. and {Patton}, D.~R. and {Ellison}, S.~L. and 
	{Simard}, L.},
    title = "{Compact groups in theory and practice - III. Compact groups of galaxies in the Sixth Data Release of the Sloan Digital Sky Survey}",
  journal = {\mnras},
archivePrefix = "arXiv",
   eprint = {0812.1580},
 keywords = {catalogues , surveys , galaxies: general , galaxies: interactions},
     year = 2009,
    month = may,
   volume = 395,
    pages = {255-268},
      doi = {10.1111/j.1365-2966.2008.14340.x},
   adsurl = {http://adsabs.harvard.edu/abs/2009MNRAS.395..255M},
  adsnote = {Provided by the SAO/NASA Astrophysics Data System}
}


@ARTICLE{2011ApJ...734...68W,
   author = {{Wen}, Z.~L. and {Han}, J.~L.},
    title = "{Galaxy Clusters at High Redshift and Evolution of Brightest Cluster Galaxies}",
  journal = {\apj},
archivePrefix = "arXiv",
   eprint = {1104.1667},
 primaryClass = "astro-ph.CO",
 keywords = {galaxies: clusters: general, galaxies: elliptical and lenticular, cD, galaxies: evolution},
     year = 2011,
    month = jun,
   volume = 734,
      eid = {68},
    pages = {68},
      doi = {10.1088/0004-637X/734/1/68},
   adsurl = {http://adsabs.harvard.edu/abs/2011ApJ...734...68W},
  adsnote = {Provided by the SAO/NASA Astrophysics Data System}
}

@ARTICLE{2012MNRAS.421.1569B,
   author = {{Best}, P.~N. and {Heckman}, T.~M.},
    title = "{On the fundamental dichotomy in the local radio-AGN population: accretion, evolution and host galaxy properties}",
  journal = {\mnras},
archivePrefix = "arXiv",
   eprint = {1201.2397},
 keywords = {accretion, accretion discs, black hole physics, galaxies: active, galaxies: jets, radio continuum: galaxies},
     year = 2012,
    month = apr,
   volume = 421,
    pages = {1569-1582},
      doi = {10.1111/j.1365-2966.2012.20414.x},
   adsurl = {http://adsabs.harvard.edu/abs/2012MNRAS.421.1569B},
  adsnote = {Provided by the SAO/NASA Astrophysics Data System}
}


@ARTICLE{1996AJ....111.1945D,
   author = {{Douglas}, J.~N. and {Bash}, F.~N. and {Bozyan}, F.~A. and {Torrence}, G.~W. and 
	{Wolfe}, C.},
    title = "{The Texas Survey of Radio Sources Covering -35.5 degrees $\lt$ declination $\lt$ 71.5 degrees at 365 MHz}",
  journal = {\aj},
 keywords = {SURVEYS, RADIO LINES: GENERAL},
     year = 1996,
    month = may,
   volume = 111,
    pages = {1945},
      doi = {10.1086/117932},
   adsurl = {http://adsabs.harvard.edu/abs/1996AJ....111.1945D},
  adsnote = {Provided by the SAO/NASA Astrophysics Data System}
}

@ARTICLE{1997ApJ...475..479W,
   author = {{White}, R.~L. and {Becker}, R.~H. and {Helfand}, D.~J. and 
	{Gregg}, M.~D.},
    title = "{A Catalog of 1.4 GHz Radio Sources from the FIRST Survey}",
  journal = {\apj},
 keywords = {Astrometry, Catalogs, Galaxies: Statistics, Galaxies: Quasars: General, Radio Continuum: Galaxies, Surveys},
     year = 1997,
    month = feb,
   volume = 475,
    pages = {479-493},
      doi = {10.1086/303564},
   adsurl = {http://adsabs.harvard.edu/abs/1997ApJ...475..479W},
  adsnote = {Provided by the SAO/NASA Astrophysics Data System}
}


@ARTICLE{awimager,
   author = {{Tasse}, C. and {van der Tol}, S. and {van Zwieten}, J. and 
	{van Diepen}, G. and {Bhatnagar}, S.},
    title = "{Applying full polarization A-Projection to very wide field of view instruments: An imager for LOFAR}",
  journal = {\aap},
archivePrefix = "arXiv",
   eprint = {1212.6178},
 primaryClass = "astro-ph.IM",
 keywords = {instrumentation: interferometers, techniques: interferometric, techniques: image processing},
     year = 2013,
    month = may,
   volume = 553,
      eid = {A105},
    pages = {A105},
      doi = {10.1051/0004-6361/201220882},
   adsurl = {http://adsabs.harvard.edu/abs/2013A%26A...553A.105T},
  adsnote = {Provided by the SAO/NASA Astrophysics Data System}
}

@BOOK{1994hea2.book.....L,
   author = {{Longair}, M.~S.},
    title = "{High energy astrophysics. Volume 2. Stars, the Galaxy and the interstellar medium.}",
booktitle = {High energy astrophysics.~Volume 2.~Stars, the Galaxy and the interstellar medium., by Longair, M.~S..~ Cambridge University Press, Cambridge (UK), 1994, 410 p., ISBN 0-521-43439-4, Price {\pound} 45.00, US 69.95 (cloth).~ISBN 0-521-43584-6, Price {\pound} 16.95, US 34.95 (paper).},
     year = 1994,
   adsurl = {http://adsabs.harvard.edu/abs/1994hea2.book.....L},
  adsnote = {Provided by the SAO/NASA Astrophysics Data System}
}

@ARTICLE{1978MNRAS.182..147B,
   author = {{Bell}, A.~R.},
    title = "{The acceleration of cosmic rays in shock fronts. I}",
  journal = {\mnras},
 keywords = {Cosmic Rays, Particle Acceleration, Relativistic Particles, Shock Fronts, Electrostatic Waves, Energy Spectra, Galactic Radiation, Magnetohydrodynamic Waves, Oblique Shock Waves, Shock Wave Propagation},
     year = 1978,
    month = jan,
   volume = 182,
    pages = {147-156},
      doi = {10.1093/mnras/182.2.147},
   adsurl = {http://adsabs.harvard.edu/abs/1978MNRAS.182..147B},
  adsnote = {Provided by the SAO/NASA Astrophysics Data System}
}

@ARTICLE{2007Ap&SS.309..119R,
   author = {{Rieger}, F.~M. and {Bosch-Ramon}, V. and {Duffy}, P.},
    title = "{Fermi acceleration in astrophysical jets}",
  journal = {\apss},
   eprint = {astro-ph/0610141},
 keywords = {Particle acceleration, Jets, Microquasars, Active galaxies, Gamma-ray bursts},
     year = 2007,
    month = jun,
   volume = 309,
    pages = {119-125},
      doi = {10.1007/s10509-007-9466-z},
   adsurl = {http://adsabs.harvard.edu/abs/2007Ap%26SS.309..119R},
  adsnote = {Provided by the SAO/NASA Astrophysics Data System}
}


@ARTICLE{2007A&A...471.1105T,
   author = {{Tasse}, C. and {R{\"o}ttgering}, H.~J.~A. and {Best}, P.~N. and 
	{Cohen}, A.~S. and {Pierre}, M. and {Wilman}, R.},
    title = "{GMRT observations of the XMM large scale structure survey field}",
  journal = {\aap},
 keywords = {techniques: interferometric, methods: statistical, surveys, galaxies: active, radio continuum: galaxies, cosmology: large-scale structure of Universe},
     year = 2007,
    month = sep,
   volume = 471,
    pages = {1105-1116},
      doi = {10.1051/0004-6361:20066986},
   adsurl = {http://adsabs.harvard.edu/abs/2007A%26A...471.1105T},
  adsnote = {Provided by the SAO/NASA Astrophysics Data System}
}

@ARTICLE{2018arXiv180505266B,
   author = {{Brogan}, C.~L. and {Hunter}, T.~R. and {Fomalont}, E.~B.},
    title = "{Advanced Gain Calibration Techniques in Radio Interferometry}",
  journal = {ArXiv e-prints},
archivePrefix = "arXiv",
   eprint = {1805.05266},
 primaryClass = "astro-ph.IM",
 keywords = {Astrophysics - Instrumentation and Methods for Astrophysics},
     year = 2018,
    month = may,
   adsurl = {http://adsabs.harvard.edu/abs/2018arXiv180505266B},
  adsnote = {Provided by the SAO/NASA Astrophysics Data System}
}
