@ARTICLE{2011A&A...527A.106S,
   author = {{Smirnov}, O.~M.},
    title = "{Revisiting the radio interferometer measurement equation. I. A full-sky Jones formalism}",
  journal = {\aap},
archivePrefix = "arXiv",
   eprint = {1101.1764},
 primaryClass = "astro-ph.IM",
 keywords = {methods: numerical, methods: analytical, methods: data analysis, techniques: interferometric, techniques: polarimetric},
     year = 2011,
    month = mar,
   volume = 527,
      eid = {A106},
    pages = {A106},
      doi = {10.1051/0004-6361/201016082},
   adsurl = {http://adsabs.harvard.edu/abs/2011A%26A...527A.106S},
  adsnote = {Provided by the SAO/NASA Astrophysics Data System}
}

@ARTICLE{2011A&A...527A.107S,
   author = {{Smirnov}, O.~M.},
    title = "{Revisiting the radio interferometer measurement equation. II. Calibration and direction-dependent effects}",
  journal = {\aap},
archivePrefix = "arXiv",
   eprint = {1101.1765},
 primaryClass = "astro-ph.IM",
 keywords = {methods: analytical, methods: numerical, methods: data analysis, techniques: polarimetric, techniques: interferometric},
     year = 2011,
    month = mar,
   volume = 527,
      eid = {A107},
    pages = {A107},
      doi = {10.1051/0004-6361/201116434},
   adsurl = {http://adsabs.harvard.edu/abs/2011A%26A...527A.107S},
  adsnote = {Provided by the SAO/NASA Astrophysics Data System}
}


@ARTICLE{2011A&A...527A.108S,
   author = {{Smirnov}, O.~M.},
    title = "{Revisiting the radio interferometer measurement equation. III. Addressing direction-dependent effects in 21 cm WSRT observations of 3C 147}",
  journal = {\aap},
archivePrefix = "arXiv",
   eprint = {1101.1768},
 primaryClass = "astro-ph.IM",
 keywords = {methods: analytical, methods: data analysis, methods: numerical, techniques: interferometric, techniques: polarimetric},
     year = 2011,
    month = mar,
   volume = 527,
      eid = {A108},
    pages = {A108},
      doi = {10.1051/0004-6361/201116435},
   adsurl = {http://adsabs.harvard.edu/abs/2011A%26A...527A.108S},
  adsnote = {Provided by the SAO/NASA Astrophysics Data System}
}

@ARTICLE{2011A&A...531A.159S,
   author = {{Smirnov}, O.~M.},
    title = "{Revisiting the radio interferometer measurement equation. IV. A generalized tensor formalism}",
  journal = {\aap},
archivePrefix = "arXiv",
   eprint = {1106.0579},
 primaryClass = "astro-ph.IM",
 keywords = {methods: analytical, methods: data analysis, methods: numerical, techniques: interferometric, techniques: polarimetric},
     year = 2011,
    month = jul,
   volume = 531,
      eid = {A159},
    pages = {A159},
      doi = {10.1051/0004-6361/201116764},
   adsurl = {http://adsabs.harvard.edu/abs/2011A%26A...531A.159S},
  adsnote = {Provided by the SAO/NASA Astrophysics Data System}
}

@BOOK{2001isra.book.....T,
   author = {{Thompson}, A.~R. and {Moran}, J.~M. and {Swenson}, Jr., G.~W.
	},
    title = "{Interferometry and Synthesis in Radio Astronomy, 2nd Edition}",
booktitle = {''Interferometry and synthesis in radio astronomy by A.~Richard Thompson, James M.~Moran, and George W.~Swenson, Jr.~2nd ed.~ New York : Wiley, c2001.xxiii, 692 p.~: ill.~; 25 cm.~''A Wiley-Interscience publication.''  Includes bibliographical references and indexes.~ISBN :  0471254924''},
     year = 2001,
   adsurl = {http://adsabs.harvard.edu/abs/2001isra.book.....T},
  adsnote = {Provided by the SAO/NASA Astrophysics Data System}
}

@ARTICLE{1934Phy.....1..201V,
   author = {{van Cittert}, P.~H.},
    title = "{Die Wahrscheinliche Schwingungsverteilung in Einer von Einer Lichtquelle Direkt Oder Mittels Einer Linse Beleuchteten Ebene}",
  journal = {Physica},
     year = 1934,
   volume = 1,
    pages = {201-210},
      doi = {10.1016/S0031-8914(34)90026-4},
   adsurl = {http://adsabs.harvard.edu/abs/1934Phy.....1..201V},
  adsnote = {Provided by the SAO/NASA Astrophysics Data System}
}

@ARTICLE{1962Natur.194..517R,
   author = {{Ryle}, M.},
    title = "{The New Cambridge Radio Telescope}",
  journal = {\nat},
     year = 1962,
    month = may,
   volume = 194,
    pages = {517-518},
      doi = {10.1038/194517a0},
   adsurl = {http://adsabs.harvard.edu/abs/1962Natur.194..517R},
  adsnote = {Provided by the SAO/NASA Astrophysics Data System}
}

@ARTICLE{supersynthesis,
  author = {{Joardar}, S. and {Bhattacharyya}, S. and {Bhattacharya}, A.B. and Datta, C.R.},
   title = "{RADIO ASTRONOMY AND SUPER-SYNTHESIS: A SURVEY}",
 journal = {Progress In Electromagnetics Research B},
    year = 2010,
  volume = 22,
   pages = {73â€“102},
     url = {http://www.jpier.org/PIERB/pierb22/05.10032105.pdf}
}


@INPROCEEDINGS{1957IAUS....4..159J,
   author = {{Jennison}, R.~C.},
    title = "{Intensity distribution across the Cygnus and Cassiopeia sources}",
booktitle = {Radio astronomy},
     year = 1957,
   series = {IAU Symposium},
   volume = 4,
   editor = {{van de Hulst}, H.~C.},
    pages = {159},
   adsurl = {http://adsabs.harvard.edu/abs/1957IAUS....4..159J},
  adsnote = {Provided by the SAO/NASA Astrophysics Data System}
}

@ARTICLE{1958MNRAS.118..276J,
   author = {{Jennison}, R.~C.},
    title = "{A phase sensitive interferometer technique for the measurement of the Fourier transforms of spatial brightness distributions of small angular extent}",
  journal = {\mnras},
     year = 1958,
   volume = 118,
    pages = {276},
      doi = {10.1093/mnras/118.3.276},
   adsurl = {http://adsabs.harvard.edu/abs/1958MNRAS.118..276J},
  adsnote = {Provided by the SAO/NASA Astrophysics Data System}
}


@ARTICLE{2010A&A...524A..61N,
   author = {{Noordam}, J.~E. and {Smirnov}, O.~M.},
    title = "{The MeqTrees software system and its use for third-generation calibration of radio interferometers}",
  journal = {\aap},
archivePrefix = "arXiv",
   eprint = {1101.1745},
 primaryClass = "astro-ph.IM",
 keywords = {methods: numerical, methods: data analysis, techniques: interferometric, techniques: polarimetric},
     year = 2010,
    month = dec,
   volume = 524,
      eid = {A61},
    pages = {A61},
      doi = {10.1051/0004-6361/201015013},
   adsurl = {http://adsabs.harvard.edu/abs/2010A%26A...524A..61N},
  adsnote = {Provided by the SAO/NASA Astrophysics Data System}
}

@ARTICLE{1984ARA&A..22...97P,
   author = {{Pearson}, T.~J. and {Readhead}, A.~C.~S.},
    title = "{Image Formation by Self-Calibration in Radio Astronomy}",
  journal = {\araa},
     year = 1984,
   volume = 22,
    pages = {97-130},
      doi = {10.1146/annurev.aa.22.090184.000525},
   adsurl = {http://adsabs.harvard.edu/abs/1984ARA%26A..22...97P},
  adsnote = {Provided by the SAO/NASA Astrophysics Data System}
}

@ARTICLE{1983Sci...219...51R,
   author = {{Rogers}, A.~E.~E. and {Cappallo}, R.~J. and {Hinteregger}, H.~F. and 
	{Levine}, J.~I. and {Nesman}, E.~F. and {Webber}, J.~C. and 
	{Whitney}, A.~R. and {Clark}, T.~A. and {Ma}, C. and {Ryan}, J. and 
	{Corey}, B.~E. and {Counselman}, C.~C. and {Herring}, T.~A. and 
	{Shapiro}, I.~I. and {Knight}, C.~A. and {Shaffer}, D.~B. and 
	{Vandenberg}, N.~R. and {Lacasse}, R. and {Mauzy}, R. and {Rayhrer}, B. and 
	{Schupler}, B.~R. and {Pigg}, J.~C.},
    title = "{Very-long-baseline radio interferometry - The Mark III system for geodesy, astrometry, and aperture synthesis}",
  journal = {Science},
 keywords = {Astrometry, Geodesy, Radio Interferometers, Synthetic Apertures, Very Long Base Interferometry, Central Processing Units, Extragalactic Radio Sources, Signal Processing},
     year = 1983,
    month = jan,
   volume = 219,
    pages = {51-54},
      doi = {10.1126/science.219.4580.51},
   adsurl = {http://adsabs.harvard.edu/abs/1983Sci...219...51R},
  adsnote = {Provided by the SAO/NASA Astrophysics Data System}
}


@ARTICLE{1974ApJ...193..293R,
   author = {{Rogers}, A.~E.~E. and {Hinteregger}, H.~F. and {Whitney}, A.~R. and 
	{Counselman}, C.~C. and {Shapiro}, I.~I. and {Wittels}, J.~J. and 
	{Klemperer}, W.~K. and {Warnock}, W.~W. and {Clark}, T.~A. and 
	{Hutton}, L.~K.},
    title = "{The structure of radio sources 3C 273B and 3C 84 deduced from the 'closure' phases and visibility amplitudes observed with three-element interferometers}",
  journal = {\apj},
 keywords = {Brightness, Extragalactic Radio Sources, Interferometry, Microwave Interferometers, Quasars, Radio Astronomy, Data Reduction, Fourier Series, Phase Shift, Radiant Flux Density, Seyfert Galaxies, Spatial Distribution, Visibility},
     year = 1974,
    month = oct,
   volume = 193,
    pages = {293-301},
      doi = {10.1086/153162},
   adsurl = {http://adsabs.harvard.edu/abs/1974ApJ...193..293R},
  adsnote = {Provided by the SAO/NASA Astrophysics Data System}
}

@BOOK{serendipitous,
   author = {{Kellerman}, K and Sheets, B},
    title = "{Serendipitous discoveries in radio astronomy : proceedings of a workshop held at the National Radio Astronomy Observatory, Green Bank, West Virginia on May 4, 5, 6 1983}",
booktitle = {''Serendipitous discoveries in radio astronomy : proceedings of a workshop held at the National Radio Astronomy Observatory, Green Bank, West Virginia on May 4, 5, 6 1983 / Edited by K. Kellermann and B. Sheets. 	Includes bibliographical references.},
     year = 1984,
      url = {http://library.nrao.edu/public/collection/02000000000280.pdf},
}

Query Results from the ADS Database


Retrieved 1 abstracts, starting with number 1.  Total number selected: 1.

@ARTICLE{2007ApJ...660L...1D,
   author = {{Davis}, M. and {Guhathakurta}, P. and {Konidaris}, N.~P. and 
	{Newman}, J.~A. and {Ashby}, M.~L.~N. and {Biggs}, A.~D. and 
	{Barmby}, P. and {Bundy}, K. and {Chapman}, S.~C. and {Coil}, A.~L. and 
	{Conselice}, C.~J. and {Cooper}, M.~C. and {Croton}, D.~J. and 
	{Eisenhardt}, P.~R.~M. and {Ellis}, R.~S. and {Faber}, S.~M. and 
	{Fang}, T. and {Fazio}, G.~G. and {Georgakakis}, A. and {Gerke}, B.~F. and 
	{Goss}, W.~M. and {Gwyn}, S. and {Harker}, J. and {Hopkins}, A.~M. and 
	{Huang}, J.-S. and {Ivison}, R.~J. and {Kassin}, S.~A. and {Kirby}, E.~N. and 
	{Koekemoer}, A.~M. and {Koo}, D.~C. and {Laird}, E.~S. and {Le Floc'h}, E. and 
	{Lin}, L. and {Lotz}, J.~M. and {Marshall}, P.~J. and {Martin}, D.~C. and 
	{Metevier}, A.~J. and {Moustakas}, L.~A. and {Nandra}, K. and 
	{Noeske}, K.~G. and {Papovich}, C. and {Phillips}, A.~C. and 
	{Rich}, R.~M. and {Rieke}, G.~H. and {Rigopoulou}, D. and {Salim}, S. and 
	{Schiminovich}, D. and {Simard}, L. and {Smail}, I. and {Small}, T.~A. and 
	{Weiner}, B.~J. and {Willmer}, C.~N.~A. and {Willner}, S.~P. and 
	{Wilson}, G. and {Wright}, E.~L. and {Yan}, R.},
    title = "{The All-Wavelength Extended Groth Strip International Survey (AEGIS) Data Sets}",
  journal = {\apjl},
   eprint = {astro-ph/0607355},
 keywords = {Galaxies: Photometry, Infrared: Galaxies, Radio Continuum: Galaxies, Surveys, Ultraviolet: Galaxies, X-Rays: Galaxies},
     year = 2007,
    month = may,
   volume = 660,
    pages = {L1-L6},
      doi = {10.1086/517931},
   adsurl = {http://adsabs.harvard.edu/abs/2007ApJ...660L...1D},
  adsnote = {Provided by the SAO/NASA Astrophysics Data System}
}


Query Results from the ADS Database


Retrieved 1 abstracts, starting with number 1.  Total number selected: 1.

@ARTICLE{2011ApJS..197...35G,
   author = {{Grogin}, N.~A. and {Kocevski}, D.~D. and {Faber}, S.~M. and 
	{Ferguson}, H.~C. and {Koekemoer}, A.~M. and {Riess}, A.~G. and 
	{Acquaviva}, V. and {Alexander}, D.~M. and {Almaini}, O. and 
	{Ashby}, M.~L.~N. and {Barden}, M. and {Bell}, E.~F. and {Bournaud}, F. and 
	{Brown}, T.~M. and {Caputi}, K.~I. and {Casertano}, S. and {Cassata}, P. and 
	{Castellano}, M. and {Challis}, P. and {Chary}, R.-R. and {Cheung}, E. and 
	{Cirasuolo}, M. and {Conselice}, C.~J. and {Roshan Cooray}, A. and 
	{Croton}, D.~J. and {Daddi}, E. and {Dahlen}, T. and {Dav{\'e}}, R. and 
	{de Mello}, D.~F. and {Dekel}, A. and {Dickinson}, M. and {Dolch}, T. and 
	{Donley}, J.~L. and {Dunlop}, J.~S. and {Dutton}, A.~A. and 
	{Elbaz}, D. and {Fazio}, G.~G. and {Filippenko}, A.~V. and {Finkelstein}, S.~L. and 
	{Fontana}, A. and {Gardner}, J.~P. and {Garnavich}, P.~M. and 
	{Gawiser}, E. and {Giavalisco}, M. and {Grazian}, A. and {Guo}, Y. and 
	{Hathi}, N.~P. and {H{\"a}ussler}, B. and {Hopkins}, P.~F. and 
	{Huang}, J.-S. and {Huang}, K.-H. and {Jha}, S.~W. and {Kartaltepe}, J.~S. and 
	{Kirshner}, R.~P. and {Koo}, D.~C. and {Lai}, K. and {Lee}, K.-S. and 
	{Li}, W. and {Lotz}, J.~M. and {Lucas}, R.~A. and {Madau}, P. and 
	{McCarthy}, P.~J. and {McGrath}, E.~J. and {McIntosh}, D.~H. and 
	{McLure}, R.~J. and {Mobasher}, B. and {Moustakas}, L.~A. and 
	{Mozena}, M. and {Nandra}, K. and {Newman}, J.~A. and {Niemi}, S.-M. and 
	{Noeske}, K.~G. and {Papovich}, C.~J. and {Pentericci}, L. and 
	{Pope}, A. and {Primack}, J.~R. and {Rajan}, A. and {Ravindranath}, S. and 
	{Reddy}, N.~A. and {Renzini}, A. and {Rix}, H.-W. and {Robaina}, A.~R. and 
	{Rodney}, S.~A. and {Rosario}, D.~J. and {Rosati}, P. and {Salimbeni}, S. and 
	{Scarlata}, C. and {Siana}, B. and {Simard}, L. and {Smidt}, J. and 
	{Somerville}, R.~S. and {Spinrad}, H. and {Straughn}, A.~N. and 
	{Strolger}, L.-G. and {Telford}, O. and {Teplitz}, H.~I. and 
	{Trump}, J.~R. and {van der Wel}, A. and {Villforth}, C. and 
	{Wechsler}, R.~H. and {Weiner}, B.~J. and {Wiklind}, T. and 
	{Wild}, V. and {Wilson}, G. and {Wuyts}, S. and {Yan}, H.-J. and 
	{Yun}, M.~S.},
    title = "{CANDELS: The Cosmic Assembly Near-infrared Deep Extragalactic Legacy Survey}",
  journal = {\apjs},
archivePrefix = "arXiv",
   eprint = {1105.3753},
 keywords = {cosmology: observations, galaxies: high-redshift},
     year = 2011,
    month = dec,
   volume = 197,
      eid = {35},
    pages = {35},
      doi = {10.1088/0067-0049/197/2/35},
   adsurl = {http://adsabs.harvard.edu/abs/2011ApJS..197...35G},
  adsnote = {Provided by the SAO/NASA Astrophysics Data System}
}



@INPROCEEDINGS{1999ASPC..191..111J,
   author = {{Jannuzi}, B.~T. and {Dey}, A.},
    title = "{The NOAO Deep Wide-Field Survey}",
booktitle = {Photometric Redshifts and the Detection of High Redshift Galaxies},
     year = 1999,
   series = {Astronomical Society of the Pacific Conference Series},
   volume = 191,
   editor = {{Weymann}, R. and {Storrie-Lombardi}, L. and {Sawicki}, M. and 
	{Brunner}, R.},
    pages = {111},
   adsurl = {http://adsabs.harvard.edu/abs/1999ASPC..191..111J},
  adsnote = {Provided by the SAO/NASA Astrophysics Data System}
}

@ARTICLE{2005ApJS..161....1M,
   author = {{Murray}, S.~S. and {Kenter}, A. and {Forman}, W.~R. and {Jones}, C. and 
	{Green}, P.~J. and {Kochanek}, C.~S. and {Vikhlinin}, A. and 
	{Fabricant}, D. and {Fazio}, G. and {Brand}, K. and {Brown}, M.~J.~I. and 
	{Dey}, A. and {Jannuzi}, B.~T. and {Najita}, J. and {McNamara}, B. and 
	{Shields}, J. and {Rieke}, M.},
    title = "{XBootes: An X-Ray Survey of the NDWFS Bootes Field. I. Overview and Initial Results}",
  journal = {\apjs},
   eprint = {astro-ph/0504084},
 keywords = {Galaxies: Active, Surveys, X-Rays: Galaxies},
     year = 2005,
    month = nov,
   volume = 161,
    pages = {1-8},
      doi = {10.1086/444378},
   adsurl = {http://adsabs.harvard.edu/abs/2005ApJS..161....1M},
  adsnote = {Provided by the SAO/NASA Astrophysics Data System}
}


@TECHREPORT{2012wise.rept....1C,
   author = {{Cutri}, R.~M. and {Wright}, E.~L. and {Conrow}, T. and {Bauer}, J. and 
	{Benford}, D. and {Brandenburg}, H. and {Dailey}, J. and {Eisenhardt}, P.~R.~M. and 
	{Evans}, T. and {Fajardo-Acosta}, S. and {Fowler}, J. and {Gelino}, C. and 
	{Grillmair}, C. and {Harbut}, M. and {Hoffman}, D. and {Jarrett}, T. and 
	{Kirkpatrick}, J.~D. and {Leisawitz}, D. and {Liu}, W. and {Mainzer}, A. and 
	{Marsh}, K. and {Masci}, F. and {McCallon}, H. and {Padgett}, D. and 
	{Ressler}, M.~E. and {Royer}, D. and {Skrutskie}, M.~F. and 
	{Stanford}, S.~A. and {Wyatt}, P.~L. and {Tholen}, D. and {Tsai}, C.~W. and 
	{Wachter}, S. and {Wheelock}, S.~L. and {Yan}, L. and {Alles}, R. and 
	{Beck}, R. and {Grav}, T. and {Masiero}, J. and {McCollum}, B. and 
	{McGehee}, P. and {Papin}, M. and {Wittman}, M.},
    title = "{Explanatory Supplement to the WISE All-Sky Data Release Products}",
 keywords = {Infrared Astronomy, Infrared Sources, Catalogs, Space Observatories, Manuals },
booktitle = {Explanatory Supplement to the WISE All-Sky Data Release Products},
     year = 2012,
    month = mar,
   adsurl = {http://adsabs.harvard.edu/abs/2012wise.rept....1C},
  adsnote = {Provided by the SAO/NASA Astrophysics Data System}
}

@ARTICLE{2002AJ....123.1784D,
   author = {{de Vries}, W.~H. and {Morganti}, R. and {R{\"o}ttgering}, H.~J.~A. and 
	{Vermeulen}, R. and {van Breugel}, W. and {Rengelink}, R. and 
	{Jarvis}, M.~J.},
    title = "{Deep Westerbork 1.4 GHz Imaging of the Bootes Field}",
  journal = {\aj},
   eprint = {astro-ph/0111543},
 keywords = {Catalogs, radio continuum: galaxies, Surveys},
     year = 2002,
    month = mar,
   volume = 123,
    pages = {1784-1800},
      doi = {10.1086/338906},
   adsurl = {http://adsabs.harvard.edu/abs/2002AJ....123.1784D},
  adsnote = {Provided by the SAO/NASA Astrophysics Data System}
}

@ARTICLE{2015MNRAS.450.1477C,
   author = {{Coppejans}, R. and {Cseh}, D. and {Williams}, W.~L. and {van Velzen}, S. and 
	{Falcke}, H.},
    title = "{Megahertz peaked-spectrum sources in the Bo{\"o}tes field I - a route towards finding high-redshift AGN}",
  journal = {\mnras},
 keywords = {techniques: interferometric, catalogues, galaxies: active, galaxies: high-redshift, radio continuum: galaxies},
     year = 2015,
    month = jun,
   volume = 450,
    pages = {1477-1485},
      doi = {10.1093/mnras/stv681},
   adsurl = {http://adsabs.harvard.edu/abs/2015MNRAS.450.1477C},
  adsnote = {Provided by the SAO/NASA Astrophysics Data System}
}

@ARTICLE{2011AnA...535A..38I,
   author = {{Intema}, H.~T. and {van Weeren}, R.~J. and {R{\"o}ttgering}, H.~J.~A. and 
	{Lal}, D.~V.},
    title = "{Deep low-frequency radio observations of the NOAO Bo{\"o}tes field. I. Data reduction and catalog construction}",
  journal = {\aap},
archivePrefix = "arXiv",
   eprint = {1109.5906},
 keywords = {surveys, galaxies: active, radio continuum: galaxies},
     year = 2011,
    month = nov,
   volume = 535,
      eid = {A38},
    pages = {A38},
      doi = {10.1051/0004-6361/201014253},
   adsurl = {http://adsabs.harvard.edu/abs/2011A%26A...535A..38I},
  adsnote = {Provided by the SAO/NASA Astrophysics Data System}
}

@ARTICLE{2014ApJ...793...82V,
   author = {{van Weeren}, R.~J. and {Williams}, W.~L. and {Tasse}, C. and 
	{R{\"o}ttgering}, H.~J.~A. and {Rafferty}, D.~A. and {van der Tol}, S. and 
	{Heald}, G. and {White}, G.~J. and {Shulevski}, A. and {Best}, P. and 
	{Intema}, H.~T. and {Bhatnagar}, S. and {Reich}, W. and {Steinmetz}, M. and 
	{van Velzen}, S. and {En{\ss}lin}, T.~A. and {Prandoni}, I. and 
	{de Gasperin}, F. and {Jamrozy}, M. and {Brunetti}, G. and {Jarvis}, M.~J. and 
	{McKean}, J.~P. and {Wise}, M.~W. and {Ferrari}, C. and {Harwood}, J. and 
	{Oonk}, J.~B.~R. and {Hoeft}, M. and {Kunert-Bajraszewska}, M. and 
	{Horellou}, C. and {Wucknitz}, O. and {Bonafede}, A. and {Mohan}, N.~R. and 
	{Scaife}, A.~M.~M. and {Kl{\"o}ckner}, H.-R. and {van Bemmel}, I.~M. and 
	{Merloni}, A. and {Chyzy}, K.~T. and {Engels}, D. and {Falcke}, H. and 
	{Pandey-Pommier}, M. and {Alexov}, A. and {Anderson}, J. and 
	{Avruch}, I.~M. and {Beck}, R. and {Bell}, M.~E. and {Bentum}, M.~J. and 
	{Bernardi}, G. and {Breitling}, F. and {Broderick}, J. and {Brouw}, W.~N. and 
	{Br{\"u}ggen}, M. and {Butcher}, H.~R. and {Ciardi}, B. and 
	{de Geus}, E. and {de Vos}, M. and {Deller}, A. and {Duscha}, S. and 
	{Eisl{\"o}ffel}, J. and {Fallows}, R.~A. and {Frieswijk}, W. and 
	{Garrett}, M.~A. and {Grie{\ss}meier}, J. and {Gunst}, A.~W. and 
	{Hamaker}, J.~P. and {Hassall}, T.~E. and {H{\"o}randel}, J. and 
	{van der Horst}, A. and {Iacobelli}, M. and {Jackson}, N.~J. and 
	{Juette}, E. and {Kondratiev}, V.~I. and {Kuniyoshi}, M. and 
	{Maat}, P. and {Mann}, G. and {McKay-Bukowski}, D. and {Mevius}, M. and 
	{Morganti}, R. and {Munk}, H. and {Offringa}, A.~R. and {Orr{\`u}}, E. and 
	{Paas}, H. and {Pandey}, V.~N. and {Pietka}, G. and {Pizzo}, R. and 
	{Polatidis}, A.~G. and {Renting}, A. and {Rowlinson}, A. and 
	{Schwarz}, D. and {Serylak}, M. and {Sluman}, J. and {Smirnov}, O. and 
	{Stappers}, B.~W. and {Stewart}, A. and {Swinbank}, J. and {Tagger}, M. and 
	{Tang}, Y. and {Thoudam}, S. and {Toribio}, C. and {Vermeulen}, R. and 
	{Vocks}, C. and {Zarka}, P.},
    title = "{LOFAR Low-band Antenna Observations of the 3C 295 and Bo{\"o}tes Fields: Source Counts and Ultra-steep Spectrum Sources}",
  journal = {\apj},
archivePrefix = "arXiv",
   eprint = {1409.5437},
 keywords = {galaxies: active, radio continuum: general, surveys, techniques: interferometric},
     year = 2014,
    month = oct,
   volume = 793,
      eid = {82},
    pages = {82},
      doi = {10.1088/0004-637X/793/2/82},
   adsurl = {http://adsabs.harvard.edu/abs/2014ApJ...793...82V},
  adsnote = {Provided by the SAO/NASA Astrophysics Data System}
}

@ARTICLE{1991AJ....101.1623P,
   author = {{Perley}, R.~A. and {Taylor}, G.~B.},
    title = "{VLA observations of 3C 295 - A young radio galaxy?}",
  journal = {\aj},
 keywords = {Astronomical Spectroscopy, Elliptical Galaxies, Radio Galaxies, Very Large Array (Vla), Faraday Effect, Galactic Evolution, Galactic Rotation, Interstellar Magnetic Fields, Luminosity},
     year = 1991,
    month = may,
   volume = 101,
    pages = {1623-1631},
      doi = {10.1086/115792},
   adsurl = {http://adsabs.harvard.edu/abs/1991AJ....101.1623P},
  adsnote = {Provided by the SAO/NASA Astrophysics Data System}
}

@MISC{2015ascl.soft02007M,
   author = {{Mohan}, N. and {Rafferty}, D.},
    title = "{PyBDSF: Python Blob Detection and Source Finder}",
 keywords = {Software },
howpublished = {Astrophysics Source Code Library},
     year = 2015,
    month = feb,
archivePrefix = "ascl",
   eprint = {1502.007},
   adsurl = {http://adsabs.harvard.edu/abs/2015ascl.soft02007M},
  adsnote = {Provided by the SAO/NASA Astrophysics Data System}
}